,SN,Contract No,Symbol,Buyer,Seller,Quantity,Rate,Amount,Trading Date,VWAP,Rolling Volatility,Trade Size,Buyer Info,Seller Info,Above_VWAP,Below_VWAP,Qty_Outlier,Amount_Outlier
9536,10037,2030000000000000.0,UNHPL,42,1,2.0,453.9,907.8,2025-09-08,456.54486181837126,240.53877719264517,Small,Known Broker,Known Broker,False,True,False,True
9592,10093,2030000000000000.0,UNHPL,42,58,2.0,451.0,902.0,2025-09-08,456.54486181837126,225.78086721420857,Small,Known Broker,Known Broker,False,True,False,True
9651,10152,2030000000000000.0,SHEL,88,45,865.0,302.6,0.0,2025-09-08,303.3728467373475,273.53437322086904,Large,Known Broker,Known Broker,False,True,True,False
9656,10157,2030000000000000.0,AKJCL,4,42,730.0,192.0,0.0,2025-09-08,193.01680120878046,110.851251684411,Large,Known Broker,Known Broker,False,True,True,False
9708,10209,2030000000000000.0,UPCL,16,35,640.0,412.0,0.0,2025-09-08,411.3926609815923,295.08372258281776,Large,Known Broker,Known Broker,True,False,True,False
9747,10248,2030000000000000.0,SHPC,28,14,971.0,541.0,0.0,2025-09-08,538.9915543486029,198.32044776068844,Large,Known Broker,Known Broker,True,False,True,False
9772,10273,2030000000000000.0,NRIC,94,45,943.0,0.0,0.0,2025-09-08,0.0,0.0,Large,Known Broker,Known Broker,False,False,True,False
9783,10284,2030000000000000.0,LBBL,45,67,790.0,525.0,0.0,2025-09-08,524.6788026970823,265.6281297854839,Large,Known Broker,Known Broker,True,False,True,False
9793,10294,2030000000000000.0,MNBBL,50,43,680.0,436.7,0.0,2025-09-08,438.0804152090383,168.1951545080899,Large,Known Broker,Known Broker,False,True,True,False
9819,10320,2030000000000000.0,SBL,77,81,696.0,372.0,0.0,2025-09-08,370.97390539106954,86.03547717850756,Large,Known Broker,Known Broker,True,False,True,False
9865,10366,2030000000000000.0,KSBBL,62,58,642.0,524.1,0.0,2025-09-08,526.8804312337569,144.40776756578367,Large,Known Broker,Known Broker,False,True,True,False
9926,10427,2030000000000000.0,SHEL,88,49,980.0,302.7,0.0,2025-09-08,303.3728467373475,0.0577350291557035,Large,Known Broker,Known Broker,False,True,True,False
546,1047,2030000000000000.0,SARBTM,36,32,675.0,888.7,0.0,2025-09-08,894.2986210449752,345.7224754047675,Large,Known Broker,Known Broker,False,True,True,False
10008,10509,2030000000000000.0,SHIVM,38,87,720.0,583.0,0.0,2025-09-08,582.6545621696162,0.5773502693077024,Large,Known Broker,Known Broker,True,False,True,False
10013,10514,2030000000000000.0,NIMB,17,94,733.0,205.4,0.0,2025-09-08,205.93632220009192,0.057735029081143835,Large,Known Broker,Known Broker,False,True,True,False
552,1053,2030000000000000.0,NGPL,29,59,989.0,398.0,0.0,2025-09-08,397.2731191471952,169.2522771880293,Large,Known Broker,Known Broker,True,False,True,False
10042,10543,2030000000000000.0,UNHPL,99,64,950.0,458.5,0.0,2025-09-08,456.54486181837126,0.23094010801195444,Large,Known Broker,Known Broker,True,False,True,False
10054,10555,2030000000000000.0,SRLI,88,36,1.0,391.0,391.0,2025-09-08,393.14475828354153,220.10906387516206,Small,Known Broker,Known Broker,False,True,False,True
10097,10598,2030000000000000.0,GBIMESY2,5,58,100.0,9.12,912.0,2025-09-08,9.127058823529412,259.2187238607586,Large,Known Broker,Known Broker,False,True,False,True
10180,10681,2030000000000000.0,BHCL,38,22,918.0,465.0,0.0,2025-09-08,465.9123469223332,467.05149965858527,Large,Known Broker,Known Broker,False,True,True,False
10222,10723,2030000000000000.0,CHL,6,41,790.0,243.5,0.0,2025-09-08,243.59297171482064,115.3835487984906,Large,Known Broker,Known Broker,False,True,True,False
10225,10726,2030000000000000.0,UPCL,16,35,800.0,412.0,0.0,2025-09-08,411.3926609815923,163.04371601915096,Large,Known Broker,Known Broker,True,False,True,False
10254,10755,2030000000000000.0,BHCL,41,49,630.0,465.0,0.0,2025-09-08,465.9123469223332,0.0,Large,Known Broker,Known Broker,False,True,True,False
10296,10797,2030000000000000.0,NTC,52,45,720.0,825.0,0.0,2025-09-08,827.0519616026711,432.9945149768068,Large,Known Broker,Known Broker,False,True,True,False
10382,10883,2030000000000000.0,PMLI,59,39,1.0,481.0,481.0,2025-09-08,487.38928571428573,175.53097542409284,Small,Known Broker,Known Broker,False,True,False,True
10407,10908,2030000000000000.0,NICSF,32,32,100.0,8.81,881.0,2025-09-08,8.820769230769232,159.3832394994335,Large,Known Broker,Known Broker,False,True,False,True
590,1091,2030000000000000.0,MBL,28,42,700.0,248.5,0.0,2025-09-08,249.0411341426615,199.084020035094,Large,Known Broker,Known Broker,False,True,True,False
10427,10928,2030000000000000.0,NIFRA,38,49,1.0,271.0,271.0,2025-09-08,270.6788130899634,141.95816285089165,Small,Known Broker,Known Broker,True,False,False,True
10465,10966,2030000000000000.0,SPDL,17,7,749.0,403.0,0.0,2025-09-08,401.774507579763,0.4582575697243682,Large,Known Broker,Known Broker,True,False,True,False
10513,11014,2030000000000000.0,SPDL,17,14,833.0,401.9,0.0,2025-09-08,401.774507579763,29.993388160288795,Large,Known Broker,Known Broker,True,False,True,False
10518,11019,2030000000000000.0,MMF1,57,32,100.0,9.77,977.0,2025-09-08,9.8003583855254,225.70362934609767,Large,Known Broker,Known Broker,False,True,False,True
10555,11056,2030000000000000.0,KSBBL,62,45,764.0,527.0,0.0,2025-09-08,526.8804312337569,176.9158086020968,Large,Known Broker,Known Broker,True,False,True,False
606,1107,2030000000000000.0,SHIVM,44,60,658.0,579.0,0.0,2025-09-08,582.6545621696162,198.37795576458055,Large,Known Broker,Known Broker,False,True,True,False
10571,11072,2030000000000000.0,KSBBL,62,77,876.0,527.0,0.0,2025-09-08,526.8804312337569,287.13954795534573,Large,Known Broker,Known Broker,True,False,True,False
10574,11075,2030000000000000.0,KSBBL,62,77,800.0,527.7,0.0,2025-09-08,526.8804312337569,0.10000000110658877,Large,Known Broker,Known Broker,True,False,True,False
10594,11095,2030000000000000.0,SIFC,88,48,700.0,502.0,0.0,2025-09-08,498.87078313253016,156.74986443375468,Large,Known Broker,Known Broker,True,False,True,False
10597,11098,2030000000000000.0,NIBLSTF,89,51,100.0,8.6,860.0,2025-09-08,8.485333333333333,284.2814992221633,Large,Known Broker,Known Broker,True,False,False,True
10598,11099,2030000000000000.0,NIBLSTF,89,51,100.0,8.6,860.0,2025-09-08,8.485333333333333,0.011547054738695512,Large,Known Broker,Known Broker,True,False,False,True
10599,11100,2030000000000000.0,SHPC,90,90,900.0,535.5,0.0,2025-09-08,538.9915543486029,207.12542898768783,Large,Known Broker,Known Broker,False,True,True,False
10661,11162,2030000000000000.0,SHPC,90,90,900.0,535.5,0.0,2025-09-08,538.9915543486029,271.02444539192555,Large,Known Broker,Known Broker,False,True,True,False
10668,11169,2030000000000000.0,KBL,67,45,879.0,195.0,0.0,2025-09-08,195.39428881472838,0.0,Large,Known Broker,Known Broker,False,True,True,False
616,1117,2030000000000000.0,HLI,19,64,2.0,391.0,782.0,2025-09-08,395.0524708789269,113.16065276117091,Small,Known Broker,Known Broker,False,True,False,True
10703,11204,2030000000000000.0,PROFL,6,62,900.0,475.0,0.0,2025-09-08,475.71633482324256,274.24137786507475,Large,Known Broker,Known Broker,False,True,True,False
10727,11228,2030000000000000.0,GHL,54,5,800.0,217.1,0.0,2025-09-08,218.7739030937816,134.46487769426608,Large,Known Broker,Known Broker,False,True,True,False
10755,11256,2030000000000000.0,PMHPL,19,99,687.0,351.0,0.0,2025-09-08,352.30811812139046,295.0699126195922,Large,Known Broker,Known Broker,False,True,True,False
10775,11276,2030000000000000.0,NMBHF2,52,49,100.0,8.98,898.0,2025-09-08,8.995427728613569,408.2036307204208,Large,Known Broker,Known Broker,False,True,False,True
633,1134,2030000000000000.0,UPCL,49,5,645.0,413.2,0.0,2025-09-08,411.3926609815923,55.33922659380529,Large,Known Broker,Known Broker,True,False,True,False
10844,11345,2030000000000000.0,AHPC,88,48,948.0,283.0,0.0,2025-09-08,282.77807694917556,114.9504385956568,Large,Known Broker,Known Broker,True,False,True,False
10860,11361,2030000000000000.0,GSY,4,49,100.0,8.97,897.0,2025-09-08,9.009583333333333,113.25815040576221,Large,Known Broker,Known Broker,False,True,False,True
10863,11364,2030000000000000.0,NRN,20,56,953.0,0.0,0.0,2025-09-08,0.0,298.05818223964366,Large,Known Broker,Known Broker,False,False,True,False
10869,11370,2030000000000000.0,HRL,26,21,1.0,975.5,975.5,2025-09-08,979.7508980090372,213.84641685097225,Small,Known Broker,Known Broker,False,True,False,True
10908,11409,2030000000000000.0,GSY,1,34,100.0,8.98,898.0,2025-09-08,9.009583333333333,281.2689296740767,Large,Known Broker,Known Broker,False,True,False,True
10921,11422,2030000000000000.0,AKPL,71,48,855.0,253.0,0.0,2025-09-08,253.25692971779202,146.0696181049776,Large,Known Broker,Known Broker,False,True,True,False
10977,11478,2030000000000000.0,KSY,58,7,100.0,8.91,891.0,2025-09-08,8.94111111111111,289.7375669463663,Large,Known Broker,Known Broker,False,True,False,True
10989,11490,2030000000000000.0,EBL,7,62,1.0,711.0,711.0,2025-09-08,714.1563673550174,369.5316134423867,Small,Known Broker,Known Broker,False,True,False,True
11005,11506,2030000000000000.0,RADHI,90,90,900.0,753.1,0.0,2025-09-08,755.9634460172596,378.8853256593611,Large,Known Broker,Known Broker,False,True,True,False
11009,11510,2030000000000000.0,GHL,5,5,880.0,217.0,0.0,2025-09-08,218.7739030937816,126.79006270209135,Large,Known Broker,Known Broker,False,True,True,False
11070,11571,2030000000000000.0,NRIC,14,56,843.0,0.0,0.0,2025-09-08,0.0,116.04740410712041,Large,Known Broker,Known Broker,False,False,True,False
11080,11581,2030000000000000.0,UMHL,62,60,947.0,576.2,0.0,2025-09-08,574.7904068966278,332.69809637768265,Large,Known Broker,Known Broker,True,False,True,False
11118,11619,2030000000000000.0,UMHL,17,62,930.0,574.0,0.0,2025-09-08,574.7904068966278,116.04740410711477,Large,Known Broker,Known Broker,False,True,True,False
11119,11620,2030000000000000.0,UMHL,28,62,870.0,574.0,0.0,2025-09-08,574.7904068966278,331.3990545148459,Large,Known Broker,Known Broker,False,True,True,False
11131,11632,2030000000000000.0,RADHI,90,90,900.0,753.1,0.0,2025-09-08,755.9634460172596,196.18283139289574,Large,Known Broker,Known Broker,False,True,True,False
11144,11645,2030000000000000.0,SPDL,33,58,763.0,400.5,0.0,2025-09-08,401.774507579763,48.786097746527254,Large,Known Broker,Known Broker,False,True,True,False
11170,11671,2030000000000000.0,HURJA,11,66,850.0,223.1,0.0,2025-09-08,223.87405476461018,196.67746015579394,Large,Known Broker,Known Broker,False,True,True,False
667,1168,2030000000000000.0,RNLI,21,49,1.0,439.7,439.7,2025-09-08,451.04576344292144,282.81825141481596,Small,Known Broker,Known Broker,False,True,False,True
11179,11680,2030000000000000.0,KEF,40,35,100.0,9.12,912.0,2025-09-08,8.996,251.26957661709557,Large,Known Broker,Known Broker,True,False,False,True
11206,11707,2030000000000000.0,MLBL,52,51,950.0,384.9,0.0,2025-09-08,385.37245872321404,92.09833512791627,Large,Known Broker,Known Broker,False,True,True,False
11286,11787,2030000000000000.0,SLBSL,1,56,690.0,0.0,0.0,2025-09-08,0.0,427.24840939824884,Large,Known Broker,Known Broker,False,False,True,False
679,1180,2030000000000000.0,UPCL,40,85,645.0,413.2,0.0,2025-09-08,411.3926609815923,83.18108759407981,Large,Known Broker,Known Broker,True,False,True,False
11300,11801,2030000000000000.0,NBL,45,43,775.0,247.9,0.0,2025-09-08,247.01757500517277,95.4071450853343,Large,Known Broker,Known Broker,True,False,True,False
11329,11830,2030000000000000.0,SAHAS,16,56,854.0,622.4,0.0,2025-09-08,625.1987110999977,43.53221029689874,Large,Known Broker,Known Broker,False,True,True,False
11339,11840,2030000000000000.0,MLBL,40,51,900.0,384.9,0.0,2025-09-08,385.37245872321404,354.00917125596277,Large,Known Broker,Known Broker,False,True,True,False
11468,11969,2030000000000000.0,GBIME,26,46,687.0,245.0,0.0,2025-09-08,245.3072155812442,207.69288224042404,Large,Known Broker,Known Broker,False,True,True,False
11499,12000,2030000000000000.0,ILI,56,39,2.0,442.2,884.4,2025-09-08,444.2173221960911,385.9404271818828,Small,Known Broker,Known Broker,False,True,False,True
11537,12038,2030000000000000.0,ILI,56,58,2.0,442.0,884.0,2025-09-08,444.2173221960911,247.11350293606856,Small,Known Broker,Known Broker,False,True,False,True
11603,12104,2030000000000000.0,ILI,56,58,2.0,441.0,882.0,2025-09-08,444.2173221960911,220.6815201446064,Small,Known Broker,Known Broker,False,True,False,True
11607,12108,2030000000000000.0,MBLEF,14,35,100.0,8.96,896.0,2025-09-08,9.062,285.7070571990376,Large,Known Broker,Known Broker,False,True,False,True
11616,12117,2030000000000000.0,BHL,11,33,800.0,184.3,0.0,2025-09-08,185.06825032657494,132.04000656367052,Large,Known Broker,Known Broker,False,True,True,False
11650,12151,2030000000000000.0,SHPC,25,7,1.0,530.0,530.0,2025-09-08,538.9915543486029,164.35823678781838,Small,Known Broker,Known Broker,False,True,False,True
11674,12175,2030000000000000.0,NRIC,54,56,927.0,0.0,0.0,2025-09-08,0.0,305.2718515247251,Large,Known Broker,Known Broker,False,False,True,False
11675,12176,2030000000000000.0,NRIC,54,56,813.0,0.0,0.0,2025-09-08,0.0,215.35165040773194,Large,Known Broker,Known Broker,False,False,True,False
11719,12220,2030000000000000.0,AKJCL,4,17,925.0,191.2,0.0,2025-09-08,193.01680120878046,110.42988725884175,Large,Known Broker,Known Broker,False,True,True,False
11748,12249,2030000000000000.0,PCBL,58,58,1.0,249.0,249.0,2025-09-08,248.82813687101864,24.88399753524098,Small,Known Broker,Known Broker,True,False,False,True
11813,12314,2030000000000000.0,UPCL,48,48,977.0,413.0,0.0,2025-09-08,411.3926609815923,72.60144626659115,Large,Known Broker,Known Broker,True,False,True,False
11860,12361,2030000000000000.0,MEL,57,34,720.0,280.1,0.0,2025-09-08,281.6840073755378,39.77700340650167,Large,Known Broker,Known Broker,False,True,True,False
11866,12367,2030000000000000.0,UPCL,48,35,877.0,413.0,0.0,2025-09-08,411.3926609815923,81.2337368339086,Large,Known Broker,Known Broker,True,False,True,False
11914,12415,2030000000000000.0,NGPL,49,57,1.0,390.0,390.0,2025-09-08,397.2731191471952,127.49215662149855,Small,Known Broker,Known Broker,False,True,False,True
11922,12423,2030000000000000.0,SHIVM,34,66,700.0,580.5,0.0,2025-09-08,582.6545621696162,0.1000000022941634,Large,Known Broker,Known Broker,False,True,True,False
11950,12451,2030000000000000.0,SNLI,21,84,1.0,446.0,446.0,2025-09-08,454.30175086107926,237.73422835875775,Small,Known Broker,Known Broker,False,True,False,True
11983,12484,2030000000000000.0,LSL,28,34,679.0,231.9,0.0,2025-09-08,230.8863056823548,0.0,Large,Known Broker,Known Broker,True,False,True,False
11985,12486,2030000000000000.0,UPCL,28,5,927.0,412.9,0.0,2025-09-08,411.3926609815923,104.52927819515818,Large,Known Broker,Known Broker,True,False,True,False
11991,12492,2030000000000000.0,LEC,35,34,879.0,211.7,0.0,2025-09-08,211.5893387230881,443.5782118183898,Large,Known Broker,Known Broker,True,False,True,False
11994,12495,2030000000000000.0,SHL,49,25,700.0,544.4,0.0,2025-09-08,546.5848144847699,283.99683683684583,Large,Known Broker,Known Broker,False,True,True,False
12037,12538,2030000000000000.0,DORDI,11,49,824.0,236.3,0.0,2025-09-08,238.47625488173932,244.53668436453611,Large,Known Broker,Known Broker,False,True,True,False
12146,12647,2030000000000000.0,UNHPL,33,42,830.0,457.0,0.0,2025-09-08,456.54486181837126,0.0,Large,Known Broker,Known Broker,True,False,True,False
12156,12657,2030000000000000.0,SANIMA,55,47,865.0,366.0,0.0,2025-09-08,365.24953040257503,83.42711389790718,Large,Known Broker,Known Broker,True,False,True,False
12172,12673,2030000000000000.0,MKJC,91,38,633.0,600.0,0.0,2025-09-08,605.2195299125525,0.0,Large,Known Broker,Known Broker,False,True,True,False
12197,12698,2030000000000000.0,NHDL,41,58,1.0,652.0,652.0,2025-09-08,668.0323309874173,202.07259421637156,Small,Known Broker,Known Broker,False,True,False,True
12275,12776,2030000000000000.0,SHINE,33,57,1.0,415.0,415.0,2025-09-08,414.7271960251242,282.64141593192113,Small,Known Broker,Known Broker,True,False,False,True
12298,12799,2030000000000000.0,SBL,14,58,630.0,371.0,0.0,2025-09-08,370.97390539106954,150.61900057208757,Large,Known Broker,Known Broker,True,False,True,False
12300,12801,2030000000000000.0,LEC,4,34,900.0,211.7,0.0,2025-09-08,211.5893387230881,399.4587129270491,Large,Known Broker,Known Broker,True,False,True,False
12304,12805,2030000000000000.0,MNBBL,85,94,927.0,436.8,0.0,2025-09-08,438.0804152090383,0.15275252688804153,Large,Known Broker,Known Broker,False,True,True,False
12308,12809,2030000000000000.0,UPPER,49,78,703.0,183.5,0.0,2025-09-08,184.21903205587392,39.72484529025577,Large,Known Broker,Known Broker,False,True,True,False
12371,12872,2030000000000000.0,KSBBL,59,42,870.0,527.0,0.0,2025-09-08,526.8804312337569,186.3109318674956,Large,Known Broker,Known Broker,True,False,True,False
12374,12875,2030000000000000.0,SAGF,13,58,100.0,9.28,928.0,2025-09-08,9.375238095238096,264.83161845469823,Large,Known Broker,Known Broker,False,True,False,True
12377,12878,2030000000000000.0,SBI,38,57,1.0,386.2,386.2,2025-09-08,386.3342444795757,103.96364749277313,Small,Known Broker,Known Broker,False,True,False,True
12446,12947,2030000000000000.0,SHEL,57,25,890.0,303.0,0.0,2025-09-08,303.3728467373475,0.23094011073895776,Large,Known Broker,Known Broker,False,True,True,False
12476,12977,2030000000000000.0,EBL,29,6,703.0,710.5,0.0,2025-09-08,714.1563673550174,0.17320508304993276,Large,Known Broker,Known Broker,False,True,True,False
12512,13013,2030000000000000.0,SRLI,7,59,2.0,391.0,782.0,2025-09-08,393.14475828354153,244.83929423195482,Small,Known Broker,Known Broker,False,True,False,True
12539,13040,2030000000000000.0,GVL,29,33,810.0,526.0,0.0,2025-09-08,528.5344516129032,93.24206847413188,Large,Known Broker,Known Broker,False,True,True,False
12559,13060,2030000000000000.0,MNBBL,85,33,744.0,436.8,0.0,2025-09-08,438.0804152090383,296.2134590685153,Large,Known Broker,Known Broker,False,True,True,False
12595,13096,2030000000000000.0,AKJCL,4,52,950.0,191.2,0.0,2025-09-08,193.01680120878046,207.2125076662477,Large,Known Broker,Known Broker,False,True,True,False
12640,13141,2030000000000000.0,NGPL,29,71,650.0,393.7,0.0,2025-09-08,397.2731191471952,196.8528977011393,Large,Known Broker,Known Broker,False,True,True,False
12646,13147,2030000000000000.0,UNHPL,33,36,800.0,455.0,0.0,2025-09-08,456.54486181837126,34.35597958630728,Large,Known Broker,Known Broker,False,True,True,False
12661,13162,2030000000000000.0,EBL,29,6,810.0,710.6,0.0,2025-09-08,714.1563673550174,0.057735032967354535,Large,Known Broker,Known Broker,False,True,True,False
12665,13166,2030000000000000.0,EBL,45,6,713.0,710.9,0.0,2025-09-08,714.1563673550174,0.10000000348836592,Large,Known Broker,Known Broker,False,True,True,False
12759,13260,2030000000000000.0,AKPL,58,46,1.0,250.0,250.0,2025-09-08,253.25692971779202,268.9033283542644,Small,Known Broker,Known Broker,False,True,False,True
12782,13283,2030000000000000.0,HEI,34,7,631.0,570.0,0.0,2025-09-08,569.4322309921071,186.48413694825334,Large,Known Broker,Known Broker,True,False,True,False
12884,13385,2030000000000000.0,HIDCLP,8,43,800.0,196.7,0.0,2025-09-08,196.56631634340698,2.1385353250581542,Large,Known Broker,Known Broker,True,False,True,False
12885,13386,2030000000000000.0,HIDCLP,8,44,980.0,196.0,0.0,2025-09-08,196.56631634340698,0.47258156600662304,Large,Known Broker,Known Broker,False,True,True,False
12938,13439,2030000000000000.0,NBF2,13,38,100.0,9.38,938.0,2025-09-08,9.456645161290322,519.8153788926755,Large,Known Broker,Known Broker,False,True,False,True
12956,13457,2030000000000000.0,RADHI,45,63,700.0,750.5,0.0,2025-09-08,755.9634460172596,79.46951197367329,Large,Known Broker,Known Broker,False,True,True,False
13007,13508,2030000000000000.0,TPC,45,4,700.0,328.0,0.0,2025-09-08,330.0659440559441,189.37088829420568,Large,Known Broker,Known Broker,False,True,True,False
13012,13513,2030000000000000.0,LEC,44,34,890.0,211.3,0.0,2025-09-08,211.5893387230881,178.11109828793764,Large,Known Broker,Known Broker,False,True,True,False
13079,13580,2030000000000000.0,KEF,40,35,100.0,9.12,912.0,2025-09-08,8.996,265.4000982165149,Large,Known Broker,Known Broker,True,False,False,True
13113,13614,2030000000000000.0,LBBL,82,48,691.0,526.0,0.0,2025-09-08,524.6788026970823,281.10571700578356,Large,Known Broker,Known Broker,True,False,True,False
13162,13663,2030000000000000.0,LBBL,17,53,700.0,522.7,0.0,2025-09-08,524.6788026970823,301.7809857054222,Large,Known Broker,Known Broker,False,True,True,False
13170,13671,2030000000000000.0,NLG,90,57,1.0,784.0,784.0,2025-09-08,796.3445398209776,292.63002807869043,Small,Known Broker,Known Broker,False,True,False,True
13171,13672,2030000000000000.0,MBL,51,57,864.0,247.2,0.0,2025-09-08,249.0411341426615,324.0827260644038,Large,Known Broker,Known Broker,False,True,True,False
868,1369,2030000000000000.0,SHEL,19,56,977.0,302.6,0.0,2025-09-08,303.3728467373475,174.70619145678998,Large,Known Broker,Known Broker,False,True,True,False
13227,13728,2030000000000000.0,API,62,83,997.0,286.9,0.0,2025-09-08,287.32858866103743,49.71026051030959,Large,Known Broker,Known Broker,False,True,True,False
872,1373,2030000000000000.0,SLBBL,14,44,688.0,908.2,0.0,2025-09-08,918.3567940100401,358.76547121111736,Large,Known Broker,Known Broker,False,True,True,False
13230,13731,2030000000000000.0,RNLI,6,45,1.0,450.0,450.0,2025-09-08,451.04576344292144,322.7686839415107,Small,Known Broker,Known Broker,False,True,False,True
13251,13752,2030000000000000.0,NLG,22,4,1.0,790.0,790.0,2025-09-08,796.3445398209776,313.01045243463557,Small,Known Broker,Known Broker,False,True,False,True
13255,13756,2030000000000000.0,MKJC,66,38,797.0,600.0,0.0,2025-09-08,605.2195299125525,165.3202649405146,Large,Known Broker,Known Broker,False,True,True,False
13285,13786,2030000000000000.0,NMB,44,19,803.0,247.0,0.0,2025-09-08,247.3060984863613,26.846787517375134,Large,Known Broker,Known Broker,False,True,True,False
878,1379,2030000000000000.0,MMF1,45,38,800.0,9.75,0.0,2025-09-08,9.8003583855254,136.97635136525093,Large,Known Broker,Known Broker,False,True,True,False
13292,13793,2030000000000000.0,SHINE,62,59,883.0,412.3,0.0,2025-09-08,414.7271960251242,215.75129972571347,Large,Known Broker,Known Broker,False,True,True,False
13294,13795,2030000000000000.0,NGPL,91,49,705.0,396.9,0.0,2025-09-08,397.2731191471952,8.920201791559103,Large,Known Broker,Known Broker,False,True,True,False
13301,13802,2030000000000000.0,HIDCLP,8,44,730.0,195.1,0.0,2025-09-08,196.56631634340698,3.008875759579869,Large,Known Broker,Known Broker,False,True,True,False
13310,13811,2030000000000000.0,BARUN,6,32,720.0,315.0,0.0,2025-09-08,319.89009652614925,81.40638795575168,Large,Known Broker,Known Broker,False,True,True,False
882,1383,2030000000000000.0,UPCL,74,77,756.0,413.0,0.0,2025-09-08,411.3926609815923,208.09212703352455,Large,Known Broker,Known Broker,True,False,True,False
13346,13847,2030000000000000.0,NRIC,56,26,950.0,0.0,0.0,2025-09-08,0.0,241.82411652549501,Large,Known Broker,Known Broker,False,False,True,False
13381,13882,2030000000000000.0,GIBF1,10,5,700.0,11.07,0.0,2025-09-08,11.089166666666667,0.005773870770121668,Large,Known Broker,Known Broker,False,True,True,False
13458,13959,2030000000000000.0,PMLI,59,51,1.0,480.0,480.0,2025-09-08,487.38928571428573,65.30393045855106,Small,Known Broker,Known Broker,False,True,False,True
13472,13973,2030000000000000.0,SANIMA,28,34,915.0,365.0,0.0,2025-09-08,365.24953040257503,210.7328482542221,Large,Known Broker,Known Broker,False,True,True,False
13492,13993,2030000000000000.0,NLIC,48,28,1.0,769.0,769.0,2025-09-08,769.6998327608028,399.826112203796,Small,Known Broker,Known Broker,False,True,False,True
13518,14019,2030000000000000.0,NIFRA,58,58,841.0,270.0,0.0,2025-09-08,270.6788130899634,155.88457268121076,Large,Known Broker,Known Broker,False,True,True,False
13522,14023,2030000000000000.0,NRIC,44,56,960.0,0.0,0.0,2025-09-08,0.0,183.02003533312103,Large,Known Broker,Known Broker,False,False,True,False
13527,14028,2030000000000000.0,NLIC,48,36,1.0,769.0,769.0,2025-09-08,769.6998327608028,387.52481210885355,Small,Known Broker,Known Broker,False,True,False,True
13528,14029,2030000000000000.0,MBL,58,58,700.0,247.9,0.0,2025-09-08,249.0411341426615,392.5049086741919,Large,Known Broker,Known Broker,False,True,True,False
13551,14052,2030000000000000.0,PPCL,32,59,700.0,317.0,0.0,2025-09-08,318.25845085546575,162.81277591148043,Large,Known Broker,Known Broker,False,True,True,False
13554,14055,2030000000000000.0,NGPL,43,38,939.0,396.0,0.0,2025-09-08,397.2731191471952,0.0,Large,Known Broker,Known Broker,False,True,True,False
13564,14065,2030000000000000.0,LEC,44,48,700.0,212.0,0.0,2025-09-08,211.5893387230881,165.2106836739147,Large,Known Broker,Known Broker,True,False,True,False
13643,14144,2030000000000000.0,SCB,7,35,1.0,620.0,620.0,2025-09-08,632.0687579029278,343.70549893768407,Small,Known Broker,Known Broker,False,True,False,True
13658,14159,2030000000000000.0,NIFRA,80,58,929.0,270.0,0.0,2025-09-08,270.6788130899634,0.0,Large,Known Broker,Known Broker,False,True,True,False
13659,14160,2030000000000000.0,KBL,49,8,756.0,194.6,0.0,2025-09-08,195.39428881472838,183.01904272507434,Large,Known Broker,Known Broker,False,True,True,False
13678,14179,2030000000000000.0,NGPL,49,87,2.0,392.0,784.0,2025-09-08,397.2731191471952,320.89806792812175,Small,Known Broker,Known Broker,False,True,False,True
13726,14227,2030000000000000.0,NLIC,48,48,1.0,769.0,769.0,2025-09-08,769.6998327608028,294.30440590201044,Small,Known Broker,Known Broker,False,True,False,True
923,1424,2030000000000000.0,HEIP,38,8,700.0,367.8,0.0,2025-09-08,371.86134020618556,105.0777489925196,Large,Known Broker,Known Broker,False,True,True,False
13785,14286,2030000000000000.0,MNMF1,1,7,100.0,9.01,901.0,2025-09-08,9.009166666666667,107.83869759971275,Large,Known Broker,Known Broker,True,False,False,True
13795,14296,2030000000000000.0,NLIC,48,48,1.0,769.0,769.0,2025-09-08,769.6998327608028,399.77865125591927,Small,Known Broker,Known Broker,False,True,False,True
13828,14329,2030000000000000.0,NLIC,48,48,1.0,769.0,769.0,2025-09-08,769.6998327608028,281.7469313645401,Small,Known Broker,Known Broker,False,True,False,True
13857,14358,2030000000000000.0,SHPC,49,49,735.0,540.0,0.0,2025-09-08,538.9915543486029,311.7691453624006,Large,Known Broker,Known Broker,True,False,True,False
13879,14380,2030000000000000.0,SANIMA,16,10,678.0,364.0,0.0,2025-09-08,365.24953040257503,219.21697774883887,Large,Known Broker,Known Broker,False,True,True,False
13891,14392,2030000000000000.0,NLIC,48,48,1.0,769.0,769.0,2025-09-08,769.6998327608028,328.1658930073857,Small,Known Broker,Known Broker,False,True,False,True
13912,14413,2030000000000000.0,SHINE,41,16,883.0,412.4,0.0,2025-09-08,414.7271960251242,148.04949622789897,Large,Known Broker,Known Broker,False,True,True,False
13935,14436,2030000000000000.0,GSY,4,7,100.0,9.01,901.0,2025-09-08,9.009583333333333,5.201925925638433,Large,Known Broker,Known Broker,True,False,False,True
13936,14437,2030000000000000.0,NBF3,34,28,100.0,9.09,909.0,2025-09-08,9.10811320754717,5.225173043624699,Large,Known Broker,Known Broker,False,True,False,True
13937,14438,2030000000000000.0,NLIC,48,48,1.0,769.0,769.0,2025-09-08,769.6998327608028,438.7573388939896,Small,Known Broker,Known Broker,False,True,False,True
13983,14484,2030000000000000.0,AKPL,45,8,725.0,252.9,0.0,2025-09-08,253.25692971779202,69.00451676039023,Large,Known Broker,Known Broker,False,True,True,False
14044,14545,2030000000000000.0,HRL,16,40,1.0,956.9,956.9,2025-09-08,979.7508980090372,496.97831273943444,Small,Known Broker,Known Broker,False,True,False,True
14046,14547,2030000000000000.0,GBIMESY2,58,58,100.0,9.15,915.0,2025-09-08,9.127058823529412,489.5753934107954,Large,Known Broker,Known Broker,True,False,False,True
14049,14550,2030000000000000.0,SPDL,101,36,847.0,398.2,0.0,2025-09-08,401.774507579763,229.87201511566258,Large,Known Broker,Known Broker,False,True,True,False
14053,14554,2030000000000000.0,NGPL,34,56,831.0,393.4,0.0,2025-09-08,397.2731191471952,227.01421394559281,Large,Known Broker,Known Broker,False,True,True,False
14065,14566,2030000000000000.0,HIDCL,8,35,730.0,269.5,0.0,2025-09-08,271.3138952392916,0.15275252972129266,Large,Known Broker,Known Broker,False,True,True,False
14111,14612,2030000000000000.0,KDBY,52,51,100.0,9.03,903.0,2025-09-08,9.149615384615384,194.03915489749858,Large,Known Broker,Known Broker,False,True,False,True
14177,14678,2030000000000000.0,NICSF,32,51,100.0,8.81,881.0,2025-09-08,8.820769230769232,174.87410338107696,Large,Known Broker,Known Broker,False,True,False,True
14201,14702,2030000000000000.0,HIDCLP,10,94,750.0,194.7,0.0,2025-09-08,196.56631634340698,424.3616657208035,Large,Known Broker,Known Broker,False,True,True,False
971,1472,2030000000000000.0,RHGCL,56,62,700.0,255.0,0.0,2025-09-08,257.8034718455028,145.39715723952503,Large,Known Broker,Known Broker,False,True,True,False
14228,14729,2030000000000000.0,GSY,4,28,100.0,8.97,897.0,2025-09-08,9.009583333333333,259.50778915734924,Large,Known Broker,Known Broker,False,True,False,True
14234,14735,2030000000000000.0,NGPL,34,8,629.0,395.0,0.0,2025-09-08,397.2731191471952,0.0,Large,Known Broker,Known Broker,False,True,True,False
14244,14745,2030000000000000.0,NIFRA,58,58,709.0,270.0,0.0,2025-09-08,270.6788130899634,50.51814855411122,Large,Known Broker,Known Broker,False,True,True,False
14245,14746,2030000000000000.0,BPCL,90,58,1.0,789.9,789.9,2025-09-08,802.0449179571917,300.1644049516893,Small,Known Broker,Known Broker,False,True,False,True
14248,14749,2030000000000000.0,HIDCL,34,56,660.0,269.1,0.0,2025-09-08,271.3138952392916,65.21173207331546,Large,Known Broker,Known Broker,False,True,True,False
14277,14778,2030000000000000.0,SPIL,51,56,1.0,793.0,793.0,2025-09-08,809.320938215103,396.5871530950061,Small,Known Broker,Known Broker,False,True,False,True
14306,14807,2030000000000000.0,RMF1,40,17,100.0,9.32,932.0,2025-09-08,9.157480029048656,125.10025632801684,Large,Known Broker,Known Broker,True,False,False,True
14409,14910,2030000000000000.0,AHPC,26,56,880.0,281.0,0.0,2025-09-08,282.77807694917556,162.23542564229072,Large,Known Broker,Known Broker,False,True,True,False
14459,14960,2030000000000000.0,MBLEF,43,51,100.0,8.95,895.0,2025-09-08,9.062,384.0780812543223,Large,Known Broker,Known Broker,False,True,False,True
14468,14969,2030000000000000.0,SONA,74,17,650.0,440.1,0.0,2025-09-08,441.54964680212737,142.74466715083173,Large,Known Broker,Known Broker,False,True,True,False
14502,15003,2030000000000000.0,SPDL,34,19,962.0,398.5,0.0,2025-09-08,401.774507579763,230.0740822720698,Large,Known Broker,Known Broker,False,True,True,False
14550,15051,2030000000000000.0,SANIMA,36,5,765.0,364.0,0.0,2025-09-08,365.24953040257503,46.41896164286321,Large,Known Broker,Known Broker,False,True,True,False
14551,15052,2030000000000000.0,SANIMA,48,5,664.0,364.1,0.0,2025-09-08,365.24953040257503,0.057735040529086595,Large,Known Broker,Known Broker,False,True,True,False
14553,15054,2030000000000000.0,NIMB,49,58,700.0,205.4,0.0,2025-09-08,205.93632220009192,82.44357666510498,Large,Known Broker,Known Broker,False,True,True,False
14578,15079,2030000000000000.0,HIDCLP,74,44,713.0,196.0,0.0,2025-09-08,196.56631634340698,0.05773504322386734,Large,Known Broker,Known Broker,False,True,True,False
14581,15082,2030000000000000.0,RADHI,45,62,900.0,750.1,0.0,2025-09-08,755.9634460172596,283.4821334758179,Large,Known Broker,Known Broker,False,True,True,False
14593,15094,2030000000000000.0,HRL,66,59,697.0,975.1,0.0,2025-09-08,979.7508980090372,333.06133569259373,Large,Known Broker,Known Broker,False,True,True,False
14615,15116,2030000000000000.0,SANIMA,48,95,836.0,364.1,0.0,2025-09-08,365.24953040257503,100.79609780807372,Large,Known Broker,Known Broker,False,True,True,False
14620,15121,2030000000000000.0,PMHPL,18,72,927.0,349.7,0.0,2025-09-08,352.30811812139046,110.31053137998519,Large,Known Broker,Known Broker,False,True,True,False
14625,15126,2030000000000000.0,GLH,16,38,855.0,250.1,0.0,2025-09-08,252.01345554967978,370.2279973205717,Large,Known Broker,Known Broker,False,True,True,False
14646,15147,2030000000000000.0,GSY,4,51,100.0,8.97,897.0,2025-09-08,9.009583333333333,225.71743537736484,Large,Known Broker,Known Broker,False,True,False,True
14654,15155,2030000000000000.0,NIMB,49,45,999.0,205.4,0.0,2025-09-08,205.93632220009192,155.6536325735277,Large,Known Broker,Known Broker,False,True,True,False
14712,15213,2030000000000000.0,MBLEF,43,51,100.0,8.95,895.0,2025-09-08,9.062,226.88009131110348,Large,Known Broker,Known Broker,False,True,False,True
14756,15257,2030000000000000.0,NMBHF2,52,52,100.0,8.98,898.0,2025-09-08,8.995427728613569,199.5885370789989,Large,Known Broker,Known Broker,False,True,False,True
14834,15335,2030000000000000.0,PRVU,48,6,698.0,205.1,0.0,2025-09-08,206.1827447947991,0.0,Large,Known Broker,Known Broker,False,True,True,False
14842,15343,2030000000000000.0,MNMF1,1,52,100.0,9.0,900.0,2025-09-08,9.009166666666667,187.5638646790344,Large,Known Broker,Known Broker,False,True,False,True
14847,15348,2030000000000000.0,NGPL,43,38,980.0,395.0,0.0,2025-09-08,397.2731191471952,199.25464444608335,Large,Known Broker,Known Broker,False,True,True,False
14881,15382,2030000000000000.0,NGPL,34,57,920.0,394.5,0.0,2025-09-08,397.2731191471952,227.88023901456424,Large,Known Broker,Known Broker,False,True,True,False
14893,15394,2030000000000000.0,DORDI,49,20,780.0,236.4,0.0,2025-09-08,238.47625488173932,0.057735041537018264,Large,Known Broker,Known Broker,False,True,True,False
14898,15399,2030000000000000.0,NICFC,78,51,100.0,9.01,901.0,2025-09-08,9.041509433962265,131.48598797337755,Large,Known Broker,Known Broker,False,True,False,True
14901,15402,2030000000000000.0,NBL,46,5,716.0,246.0,0.0,2025-09-08,247.01757500517277,266.79408414231085,Large,Known Broker,Known Broker,False,True,True,False
14917,15418,2030000000000000.0,NGPL,71,59,700.0,393.4,0.0,2025-09-08,397.2731191471952,196.76862046576912,Large,Known Broker,Known Broker,False,True,True,False
14919,15420,2030000000000000.0,NGPL,36,59,700.0,394.0,0.0,2025-09-08,397.2731191471952,70.00416654267559,Large,Known Broker,Known Broker,False,True,True,False
14931,15432,2030000000000000.0,MBLEF,43,52,100.0,8.95,895.0,2025-09-08,9.062,487.04753447002946,Large,Known Broker,Known Broker,False,True,False,True
14941,15442,2030000000000000.0,RADHI,55,67,700.0,750.4,0.0,2025-09-08,755.9634460172596,0.05773503223183646,Large,Known Broker,Known Broker,False,True,True,False
14948,15449,2030000000000000.0,RADHI,45,67,900.0,751.3,0.0,2025-09-08,755.9634460172596,0.057735032218274265,Large,Known Broker,Known Broker,False,True,True,False
1044,1545,2030000000000000.0,LEC,56,39,900.0,211.0,0.0,2025-09-08,211.5893387230881,311.91348693721835,Large,Known Broker,Known Broker,False,True,True,False
14957,15458,2030000000000000.0,MNMF1,1,51,100.0,9.0,900.0,2025-09-08,9.009166666666667,558.3554542881569,Large,Known Broker,Known Broker,False,True,False,True
14972,15473,2030000000000000.0,KBL,40,17,733.0,194.4,0.0,2025-09-08,195.39428881472838,232.47009126624118,Large,Known Broker,Known Broker,False,True,True,False
14981,15482,2030000000000000.0,HIDCLP,32,17,900.0,196.0,0.0,2025-09-08,196.56631634340698,133.4186019014401,Large,Known Broker,Known Broker,False,True,True,False
15005,15506,2030000000000000.0,KDBY,52,51,100.0,9.03,903.0,2025-09-08,9.149615384615384,386.7432110587091,Large,Known Broker,Known Broker,False,True,False,True
15015,15516,2030000000000000.0,GSY,4,52,100.0,8.97,897.0,2025-09-08,9.009583333333333,173.49957819353622,Large,Known Broker,Known Broker,False,True,False,True
15041,15542,2030000000000000.0,SHIVM,45,46,783.0,580.0,0.0,2025-09-08,582.6545621696162,0.0,Large,Known Broker,Known Broker,False,True,True,False
15160,15661,2030000000000000.0,NLIC,48,48,1.0,769.0,769.0,2025-09-08,769.6998327608028,241.3624936342308,Small,Known Broker,Known Broker,False,True,False,True
15167,15668,2030000000000000.0,SBI,4,51,937.0,384.6,0.0,2025-09-08,386.3342444795757,122.77378927659653,Large,Known Broker,Known Broker,False,True,True,False
15197,15698,2030000000000000.0,NLICL,65,34,800.0,578.0,0.0,2025-09-08,581.922821969697,290.6184497469729,Large,Known Broker,Known Broker,False,True,True,False
15221,15722,2030000000000000.0,UAIL,38,32,1.0,513.5,513.5,2025-09-08,513.8778182597515,296.4693632288752,Small,Known Broker,Known Broker,False,True,False,True
15303,15804,2030000000000000.0,BPCL,92,80,900.0,803.9,0.0,2025-09-08,802.0449179571917,272.5421129538221,Large,Known Broker,Known Broker,True,False,True,False
15313,15814,2030000000000000.0,SBCF,17,35,100.0,9.12,912.0,2025-09-08,9.13875,196.7241117233326,Large,Known Broker,Known Broker,False,True,False,True
1085,1586,2030000000000000.0,UPPER,44,45,700.0,183.1,0.0,2025-09-08,184.21903205587392,102.86891334768973,Large,Known Broker,Known Broker,False,True,True,False
15366,15867,2030000000000000.0,NLIC,48,48,1.0,769.0,769.0,2025-09-08,769.6998327608028,321.1962484214298,Small,Known Broker,Known Broker,False,True,False,True
1089,1590,2030000000000000.0,LBBL,32,42,950.0,521.8,0.0,2025-09-08,524.6788026970823,181.50975180414113,Large,Known Broker,Known Broker,False,True,True,False
15412,15913,2030000000000000.0,HRL,16,16,1.0,959.9,959.9,2025-09-08,979.7508980090372,280.2142811016837,Small,Known Broker,Known Broker,False,True,False,True
15448,15949,2030000000000000.0,NABIL,57,49,1.0,501.0,501.0,2025-09-08,511.22047945548263,134.72940782670284,Small,Known Broker,Known Broker,False,True,False,True
15475,15976,2030000000000000.0,RIDI,16,42,700.0,225.7,0.0,2025-09-08,226.62822529694213,178.28646424598242,Large,Known Broker,Known Broker,False,True,True,False
15508,16009,2030000000000000.0,RMF1,40,21,100.0,9.21,921.0,2025-09-08,9.157480029048656,328.5354922987782,Large,Known Broker,Known Broker,True,False,False,True
15509,16010,2030000000000000.0,RMF1,40,18,100.0,9.2,920.0,2025-09-08,9.157480029048656,514.4162031209106,Large,Known Broker,Known Broker,True,False,False,True
15544,16045,2030000000000000.0,SADBL,36,48,670.0,413.0,0.0,2025-09-08,416.98130732375085,122.68693220279819,Large,Known Broker,Known Broker,False,True,True,False
1113,1614,2030000000000000.0,SAHAS,75,29,990.0,622.0,0.0,2025-09-08,625.1987110999977,175.94750163993166,Large,Known Broker,Known Broker,False,True,True,False
15647,16148,2030000000000000.0,LBBL,8,70,830.0,522.6,0.0,2025-09-08,524.6788026970823,398.5258377236463,Large,Known Broker,Known Broker,False,True,True,False
15667,16168,2030000000000000.0,SHL,34,34,685.0,544.3,0.0,2025-09-08,546.5848144847699,267.8342765592193,Large,Known Broker,Known Broker,False,True,True,False
15738,16239,2030000000000000.0,HDL,82,77,930.0,0.0,0.0,2025-09-08,0.0,0.0,Large,Known Broker,Known Broker,False,False,True,False
1125,1626,2030000000000000.0,BPCL,64,38,810.0,799.0,0.0,2025-09-08,802.0449179571917,172.60649852579223,Large,Known Broker,Known Broker,False,True,True,False
15784,16285,2030000000000000.0,BARUN,34,28,990.0,316.0,0.0,2025-09-08,319.89009652614925,295.97861972334147,Large,Known Broker,Known Broker,False,True,True,False
15832,16333,2030000000000000.0,NBF3,34,28,100.0,9.09,909.0,2025-09-08,9.10811320754717,345.22183018073196,Large,Known Broker,Known Broker,False,True,False,True
15860,16361,2030000000000000.0,AKJCL,4,21,723.0,191.3,0.0,2025-09-08,193.01680120878046,333.5352505108482,Large,Known Broker,Known Broker,False,True,True,False
15862,16363,2030000000000000.0,AKJCL,33,21,930.0,192.0,0.0,2025-09-08,193.01680120878046,0.3785938908732228,Large,Known Broker,Known Broker,False,True,True,False
15871,16372,2030000000000000.0,SHIVM,71,34,790.0,581.8,0.0,2025-09-08,582.6545621696162,220.14365764200633,Large,Known Broker,Known Broker,False,True,True,False
1149,1650,2030000000000000.0,RNLI,21,58,1.0,440.0,440.0,2025-09-08,451.04576344292144,171.5293949541424,Small,Known Broker,Known Broker,False,True,False,True
16004,16505,2030000000000000.0,MBLEF,22,51,100.0,9.06,906.0,2025-09-08,9.062,139.1103681733818,Large,Known Broker,Known Broker,False,True,False,True
16046,16547,2030000000000000.0,NGPL,49,22,1.0,387.1,387.1,2025-09-08,397.2731191471952,230.38765157881292,Small,Known Broker,Known Broker,False,True,False,True
16067,16568,2030000000000000.0,AKJCL,4,49,980.0,192.0,0.0,2025-09-08,193.01680120878046,88.9119414552051,Large,Known Broker,Known Broker,False,True,True,False
1157,1658,2030000000000000.0,BHCL,47,17,650.0,456.0,0.0,2025-09-08,465.9123469223332,131.22626769566318,Large,Known Broker,Known Broker,False,True,True,False
16080,16581,2030000000000000.0,GSY,4,51,100.0,8.97,897.0,2025-09-08,9.009583333333333,280.527261836232,Large,Known Broker,Known Broker,False,True,False,True
16089,16590,2030000000000000.0,KBL,40,33,900.0,194.6,0.0,2025-09-08,195.39428881472838,131.36121954367076,Large,Known Broker,Known Broker,False,True,True,False
16103,16604,2030000000000000.0,MNMF1,58,49,100.0,9.1,910.0,2025-09-08,9.009166666666667,470.1384086982623,Large,Known Broker,Known Broker,True,False,False,True
16135,16636,2030000000000000.0,KSY,58,51,100.0,9.0,900.0,2025-09-08,8.94111111111111,177.9393529642436,Large,Known Broker,Known Broker,True,False,False,True
16187,16688,2030000000000000.0,API,32,16,870.0,285.0,0.0,2025-09-08,287.32858866103743,158.57280136686137,Large,Known Broker,Known Broker,False,True,True,False
1169,1670,2030000000000000.0,BHL,47,33,700.0,184.0,0.0,2025-09-08,185.06825032657494,230.46908686416117,Large,Known Broker,Known Broker,False,True,True,False
16229,16730,2030000000000000.0,AKPL,36,38,778.0,251.1,0.0,2025-09-08,253.25692971779202,38.74020306262791,Large,Known Broker,Known Broker,False,True,True,False
16246,16747,2030000000000000.0,KDBY,52,51,100.0,9.03,903.0,2025-09-08,9.149615384615384,310.1999102192014,Large,Known Broker,Known Broker,False,True,False,True
16249,16750,2030000000000000.0,UPCL,35,32,887.0,410.0,0.0,2025-09-08,411.3926609815923,206.3169406519996,Large,Known Broker,Known Broker,False,True,True,False
16332,16833,2030000000000000.0,NICFC,78,51,100.0,9.01,901.0,2025-09-08,9.041509433962265,493.3709821557548,Large,Known Broker,Known Broker,False,True,False,True
16375,16876,2030000000000000.0,GBIME,33,7,700.0,243.3,0.0,2025-09-08,245.3072155812442,0.11547005623679145,Large,Known Broker,Known Broker,False,True,True,False
16445,16946,2030000000000000.0,PRVU,43,1,4.0,205.0,820.0,2025-09-08,206.1827447947991,234.92650623830085,Small,Known Broker,Known Broker,False,True,False,True
16452,16953,2030000000000000.0,SBL,7,49,840.0,369.9,0.0,2025-09-08,370.97390539106954,213.56186457324495,Large,Known Broker,Known Broker,False,True,True,False
16537,17038,2030000000000000.0,SNLI,21,58,1.0,443.0,443.0,2025-09-08,454.30175086107926,259.7510025646377,Small,Known Broker,Known Broker,False,True,False,True
16609,17110,2030000000000000.0,RIDI,6,16,750.0,226.1,0.0,2025-09-08,226.62822529694213,137.9289793094054,Large,Known Broker,Known Broker,False,True,True,False
16612,17113,2030000000000000.0,HRL,1,19,1.0,975.0,975.0,2025-09-08,979.7508980090372,432.31988156919294,Small,Known Broker,Known Broker,False,True,False,True
16631,17132,2030000000000000.0,HDHPC,64,54,700.0,182.2,0.0,2025-09-08,182.7698332387975,105.1355315771084,Large,Known Broker,Known Broker,False,True,True,False
16635,17136,2030000000000000.0,UNHPL,38,44,985.0,455.5,0.0,2025-09-08,456.54486181837126,107.06961909586852,Large,Known Broker,Known Broker,False,True,True,False
16671,17172,2030000000000000.0,HRL,1,17,1.0,973.0,973.0,2025-09-08,979.7508980090372,358.96778406982565,Small,Known Broker,Known Broker,False,True,False,True
16685,17186,2030000000000000.0,API,16,21,875.0,286.0,0.0,2025-09-08,287.32858866103743,165.12217698823625,Large,Known Broker,Known Broker,False,True,True,False
16686,17187,2030000000000000.0,SRLI,21,57,2.0,384.0,768.0,2025-09-08,393.14475828354153,199.52276394771192,Small,Known Broker,Known Broker,False,True,False,True
1222,1723,2030000000000000.0,GBBL,4,101,630.0,427.0,0.0,2025-09-08,427.7497309247462,133.48338223664527,Large,Known Broker,Known Broker,False,True,True,False
1226,1727,2030000000000000.0,MNBBL,59,29,852.0,436.0,0.0,2025-09-08,438.0804152090383,74.33715984172727,Large,Known Broker,Known Broker,False,True,True,False
16838,17339,2030000000000000.0,RIDI,63,21,810.0,226.2,0.0,2025-09-08,226.62822529694213,272.5440209091634,Large,Known Broker,Known Broker,False,True,True,False
16874,17375,2030000000000000.0,SHEL,34,62,660.0,302.0,0.0,2025-09-08,303.3728467373475,29.444863728690173,Large,Known Broker,Known Broker,False,True,True,False
16875,17376,2030000000000000.0,SHEL,54,62,950.0,302.0,0.0,2025-09-08,303.3728467373475,29.444863728690272,Large,Known Broker,Known Broker,False,True,True,False
1240,1741,2030000000000000.0,MNBBL,4,29,847.0,437.0,0.0,2025-09-08,438.0804152090383,21.36195996004406,Large,Known Broker,Known Broker,False,True,True,False
1241,1742,2030000000000000.0,MNBBL,44,29,800.0,437.1,0.0,2025-09-08,438.0804152090383,24.41113134073413,Large,Known Broker,Known Broker,False,True,True,False
16926,17427,2030000000000000.0,ILI,16,16,2.0,446.0,892.0,2025-09-08,444.2173221960911,181.25912390829194,Small,Known Broker,Known Broker,True,False,False,True
16996,17497,2030000000000000.0,SBL,65,17,950.0,368.1,0.0,2025-09-08,370.97390539106954,23.330309327874453,Large,Known Broker,Known Broker,False,True,True,False
17014,17515,2030000000000000.0,SFCL,41,58,2.0,432.5,865.0,2025-09-08,431.6216581217957,45.478456438195174,Small,Known Broker,Known Broker,True,False,False,True
17022,17523,2030000000000000.0,HLI,16,16,1.0,398.0,398.0,2025-09-08,395.0524708789269,200.5314522296552,Small,Known Broker,Known Broker,True,False,False,True
17035,17536,2030000000000000.0,KBL,57,51,938.0,194.8,0.0,2025-09-08,195.39428881472838,0.057735027002656064,Large,Known Broker,Known Broker,False,True,True,False
17037,17538,2030000000000000.0,GSY,52,51,100.0,8.96,896.0,2025-09-08,9.009583333333333,107.3525556286379,Large,Known Broker,Known Broker,False,True,False,True
1254,1755,2030000000000000.0,UNHPL,33,49,763.0,464.0,0.0,2025-09-08,456.54486181837126,232.02416540811774,Large,Known Broker,Known Broker,True,False,True,False
17050,17551,2030000000000000.0,GBBL,34,42,910.0,428.0,0.0,2025-09-08,427.7497309247462,76.622451017969,Large,Known Broker,Known Broker,True,False,True,False
17107,17608,2030000000000000.0,API,54,56,813.0,286.0,0.0,2025-09-08,287.32858866103743,125.50047808674243,Large,Known Broker,Known Broker,False,True,True,False
17140,17641,2030000000000000.0,GSY,1,58,100.0,8.96,896.0,2025-09-08,9.009583333333333,483.4395086599093,Large,Known Broker,Known Broker,False,True,False,True
17143,17644,2030000000000000.0,OHL,50,49,771.0,778.0,0.0,2025-09-08,779.8270073682223,305.7760618491926,Large,Known Broker,Known Broker,False,True,True,False
17157,17658,2030000000000000.0,NIBLSTF,13,51,100.0,8.48,848.0,2025-09-08,8.485333333333333,374.4034759454041,Large,Known Broker,Known Broker,False,True,False,True
17167,17668,2030000000000000.0,RSY,7,35,100.0,8.96,896.0,2025-09-08,9.013636363636364,128.08847150830306,Large,Known Broker,Known Broker,False,True,False,True
17198,17699,2030000000000000.0,SAHAS,44,51,873.0,623.0,0.0,2025-09-08,625.1987110999977,359.689217705137,Large,Known Broker,Known Broker,False,True,True,False
17207,17708,2030000000000000.0,PMLI,59,29,1.0,478.4,478.4,2025-09-08,487.38928571428573,177.09684732748428,Small,Known Broker,Known Broker,False,True,False,True
17249,17750,2030000000000000.0,LVF2,80,58,100.0,9.12,912.0,2025-09-08,9.117931034482757,332.26173137051666,Large,Known Broker,Known Broker,True,False,False,True
17369,17870,2030000000000000.0,API,84,8,934.0,285.1,0.0,2025-09-08,287.32858866103743,114.83496854181809,Large,Known Broker,Known Broker,False,True,True,False
17386,17887,2030000000000000.0,GVL,65,8,900.0,526.0,0.0,2025-09-08,528.5344516129032,68.15621761806317,Large,Known Broker,Known Broker,False,True,True,False
17406,17907,2030000000000000.0,KBL,7,22,3.0,194.8,584.4,2025-09-08,195.39428881472838,28.007201454859583,Small,Known Broker,Known Broker,False,True,False,True
17425,17926,2030000000000000.0,LEC,33,16,950.0,209.1,0.0,2025-09-08,211.5893387230881,120.72394128754694,Large,Known Broker,Known Broker,False,True,True,False
17427,17928,2030000000000000.0,SMPDA,63,28,642.0,890.0,0.0,2025-09-08,901.0600209680238,364.89820955073895,Large,Known Broker,Known Broker,False,True,True,False
1293,1794,2030000000000000.0,ILI,41,19,2.0,443.0,886.0,2025-09-08,444.2173221960911,19.716575091373237,Small,Known Broker,Known Broker,False,True,False,True
17443,17944,2030000000000000.0,HRL,67,50,823.0,975.0,0.0,2025-09-08,979.7508980090372,298.49008917103924,Large,Known Broker,Known Broker,False,True,True,False
17448,17949,2030000000000000.0,KBL,49,51,920.0,195.0,0.0,2025-09-08,195.39428881472838,516.9987459688214,Large,Known Broker,Known Broker,False,True,True,False
17485,17986,2030000000000000.0,GHL,50,60,690.0,218.0,0.0,2025-09-08,218.7739030937816,123.64361420362053,Large,Known Broker,Known Broker,False,True,True,False
17488,17989,2030000000000000.0,SANIMA,28,65,640.0,363.1,0.0,2025-09-08,365.24953040257503,279.5330093805288,Large,Known Broker,Known Broker,False,True,True,False
17534,18035,2030000000000000.0,UNHPL,34,42,700.0,458.0,0.0,2025-09-08,456.54486181837126,0.0,Large,Known Broker,Known Broker,True,False,True,False
17544,18045,2030000000000000.0,KBL,48,42,930.0,195.0,0.0,2025-09-08,195.39428881472838,220.8789336567303,Large,Known Broker,Known Broker,False,True,True,False
17555,18056,2030000000000000.0,SPC,48,42,790.0,499.0,0.0,2025-09-08,502.2744180816373,15.58845726815813,Large,Known Broker,Known Broker,False,True,True,False
17559,18060,2030000000000000.0,GLH,56,98,992.0,249.9,0.0,2025-09-08,252.01345554967978,52.62480403764136,Large,Known Broker,Known Broker,False,True,True,False
17609,18110,2030000000000000.0,AKJCL,45,7,960.0,191.5,0.0,2025-09-08,193.01680120878046,451.8920667593104,Large,Known Broker,Known Broker,False,True,True,False
17631,18132,2030000000000000.0,HDHPC,4,48,655.0,182.0,0.0,2025-09-08,182.7698332387975,105.07774899250562,Large,Known Broker,Known Broker,False,True,True,False
17644,18145,2030000000000000.0,API,84,33,875.0,285.1,0.0,2025-09-08,287.32858866103743,200.51863587540697,Large,Known Broker,Known Broker,False,True,True,False
17650,18151,2030000000000000.0,HBL,58,49,980.0,200.5,0.0,2025-09-08,200.8905443794453,115.90333616135675,Large,Known Broker,Known Broker,False,True,True,False
17668,18169,2030000000000000.0,CZBIL,42,51,800.0,204.5,0.0,2025-09-08,205.57391576086957,0.20816659879849633,Large,Known Broker,Known Broker,False,True,True,False
17677,18178,2030000000000000.0,LEC,58,41,906.0,209.0,0.0,2025-09-08,211.5893387230881,159.1236416543237,Large,Known Broker,Known Broker,False,True,True,False
17820,18321,2030000000000000.0,MDB,58,6,1.0,600.0,600.0,2025-09-08,600.3995787602412,300.0049999583342,Small,Known Broker,Known Broker,False,True,False,True
17833,18334,2030000000000000.0,HURJA,40,34,739.0,223.0,0.0,2025-09-08,223.87405476461018,0.0,Large,Known Broker,Known Broker,False,True,True,False
17834,18335,2030000000000000.0,GCIL,45,38,1.0,470.0,470.0,2025-09-08,476.72208292092824,142.60551648983787,Small,Known Broker,Known Broker,False,True,False,True
17878,18379,2030000000000000.0,KSY,58,51,100.0,9.0,900.0,2025-09-08,8.94111111111111,232.78762853725672,Large,Known Broker,Known Broker,True,False,False,True
17915,18416,2030000000000000.0,SAHAS,66,34,670.0,618.1,0.0,2025-09-08,625.1987110999977,356.86020138610866,Large,Known Broker,Known Broker,False,True,True,False
17924,18425,2030000000000000.0,HLI,46,57,1.0,393.0,393.0,2025-09-08,395.0524708789269,129.90381056767208,Small,Known Broker,Known Broker,False,True,False,True
17977,18478,2030000000000000.0,NICL,49,33,750.0,576.0,0.0,2025-09-08,578.2100843288827,0.5196152440308656,Large,Known Broker,Known Broker,False,True,True,False
17983,18484,2030000000000000.0,PMLI,59,61,1.0,481.0,481.0,2025-09-08,487.38928571428573,389.01452843477955,Small,Known Broker,Known Broker,False,True,False,True
17997,18498,2030000000000000.0,HIDCLP,94,59,970.0,196.0,0.0,2025-09-08,196.56631634340698,300.31518998101717,Large,Known Broker,Known Broker,False,True,True,False
18035,18536,2030000000000000.0,HHL,32,45,700.0,343.0,0.0,2025-09-08,347.54454214931934,276.7529644526586,Large,Known Broker,Known Broker,False,True,True,False
18075,18576,2030000000000000.0,ADBL,37,38,870.0,317.3,0.0,2025-09-08,318.2719262638099,108.93543959611823,Large,Known Broker,Known Broker,False,True,True,False
18079,18580,2030000000000000.0,RADHI,45,81,900.0,751.1,0.0,2025-09-08,755.9634460172596,135.82166003012037,Large,Known Broker,Known Broker,False,True,True,False
18092,18593,2030000000000000.0,MNBBL,74,87,892.0,436.1,0.0,2025-09-08,438.0804152090383,0.0,Large,Known Broker,Known Broker,False,True,True,False
18104,18605,2030000000000000.0,SHEL,40,17,990.0,303.0,0.0,2025-09-08,303.3728467373475,174.9371315644504,Large,Known Broker,Known Broker,False,True,True,False
18108,18609,2030000000000000.0,SHEL,40,43,670.0,302.9,0.0,2025-09-08,303.3728467373475,0.05773502291287509,Large,Known Broker,Known Broker,False,True,True,False
18124,18625,2030000000000000.0,AHPC,32,42,900.0,280.5,0.0,2025-09-08,282.77807694917556,198.86435075196323,Large,Known Broker,Known Broker,False,True,True,False
18137,18638,2030000000000000.0,NLIC,41,42,770.0,768.2,0.0,2025-09-08,769.6998327608028,294.07756346469876,Large,Known Broker,Known Broker,False,True,True,False
18141,18642,2030000000000000.0,SAHAS,66,34,640.0,618.1,0.0,2025-09-08,625.1987110999977,298.16624557451604,Large,Known Broker,Known Broker,False,True,True,False
18169,18670,2030000000000000.0,UNHPL,42,35,750.0,457.0,0.0,2025-09-08,456.54486181837126,125.28500841415448,Large,Known Broker,Known Broker,True,False,True,False
18177,18678,2030000000000000.0,SAHAS,66,19,800.0,618.1,0.0,2025-09-08,625.1987110999977,209.34256614458747,Large,Known Broker,Known Broker,False,True,True,False
18190,18691,2030000000000000.0,SCB,66,17,760.0,631.0,0.0,2025-09-08,632.0687579029278,349.5144250718896,Large,Known Broker,Known Broker,False,True,True,False
18214,18715,2030000000000000.0,BHL,44,6,693.0,184.3,0.0,2025-09-08,185.06825032657494,0.057735009037378805,Large,Known Broker,Known Broker,False,True,True,False
18240,18741,2030000000000000.0,SRLI,43,38,700.0,391.1,0.0,2025-09-08,393.14475828354153,195.65593099451758,Large,Known Broker,Known Broker,False,True,True,False
18244,18745,2030000000000000.0,GCIL,45,58,1.0,470.0,470.0,2025-09-08,476.72208292092824,116.24811109576282,Small,Known Broker,Known Broker,False,True,False,True
1374,1875,2030000000000000.0,BHL,38,35,850.0,184.2,0.0,2025-09-08,185.06825032657494,206.5391569008924,Large,Known Broker,Known Broker,False,True,True,False
18267,18768,2030000000000000.0,AKPL,16,57,756.0,251.1,0.0,2025-09-08,253.25692971779202,0.5507570534806479,Large,Known Broker,Known Broker,False,True,True,False
18297,18798,2030000000000000.0,HBL,53,49,870.0,200.2,0.0,2025-09-08,200.8905443794453,415.60559428381185,Large,Known Broker,Known Broker,False,True,True,False
18299,18800,2030000000000000.0,HBL,57,49,980.0,200.4,0.0,2025-09-08,200.8905443794453,160.41982421134577,Large,Known Broker,Known Broker,False,True,True,False
18310,18811,2030000000000000.0,AHPC,49,42,975.0,280.2,0.0,2025-09-08,282.77807694917556,48.02679807494847,Large,Known Broker,Known Broker,False,True,True,False
18317,18818,2030000000000000.0,UMHL,39,29,900.0,576.0,0.0,2025-09-08,574.7904068966278,115.38354879849904,Large,Known Broker,Known Broker,True,False,True,False
18360,18861,2030000000000000.0,ADBL,28,4,970.0,317.3,0.0,2025-09-08,318.2719262638099,131.07541086463428,Large,Known Broker,Known Broker,False,True,True,False
18370,18871,2030000000000000.0,GCIL,45,8,1.0,467.5,467.5,2025-09-08,476.72208292092824,206.60731674685096,Small,Known Broker,Known Broker,False,True,False,True
18432,18933,2030000000000000.0,PFL,33,26,634.0,390.1,0.0,2025-09-08,390.75268074735993,0.05773502994753417,Large,Known Broker,Known Broker,False,True,True,False
18469,18970,2030000000000000.0,NHPC,42,45,838.0,198.0,0.0,2025-09-08,199.01556729476687,193.65395253733902,Large,Known Broker,Known Broker,False,True,True,False
18487,18988,2030000000000000.0,HIDCL,13,51,990.0,269.5,0.0,2025-09-08,271.3138952392916,96.24428987391039,Large,Known Broker,Known Broker,False,True,True,False
18489,18990,2030000000000000.0,GCIL,45,49,1.0,467.0,467.0,2025-09-08,476.72208292092824,234.38774143144218,Small,Known Broker,Known Broker,False,True,False,True
18520,19021,2030000000000000.0,NMB,34,1,1.0,250.0,250.0,2025-09-08,247.3060984863613,29.039800274779207,Small,Known Broker,Known Broker,True,False,False,True
18554,19055,2030000000000000.0,NIL,14,42,1.0,671.0,671.0,2025-09-08,675.3569597791798,131.5502945644794,Small,Known Broker,Known Broker,False,True,False,True
18570,19071,2030000000000000.0,NMBHF2,52,51,100.0,8.98,898.0,2025-09-08,8.995427728613569,144.967675017565,Large,Known Broker,Known Broker,False,True,False,True
18625,19126,2030000000000000.0,JFL,60,3,700.0,441.1,0.0,2025-09-08,442.5232128405719,138.79558110160806,Large,Known Broker,Known Broker,False,True,True,False
1413,1914,2030000000000000.0,SHIVM,44,35,680.0,579.0,0.0,2025-09-08,582.6545621696162,32.908965343826154,Large,Known Broker,Known Broker,False,True,True,False
18655,19156,2030000000000000.0,BPCL,92,94,990.0,800.0,0.0,2025-09-08,802.0449179571917,298.3678322697238,Large,Known Broker,Known Broker,False,True,True,False
18668,19169,2030000000000000.0,GSY,1,1,100.0,9.0,900.0,2025-09-08,9.009583333333333,419.9357212717212,Large,Known Broker,Known Broker,False,True,False,True
1418,1919,2030000000000000.0,UMHL,62,1,780.0,576.8,0.0,2025-09-08,574.7904068966278,188.10071770197888,Large,Known Broker,Known Broker,True,False,True,False
18750,19251,2030000000000000.0,NIBLSTF,58,51,100.0,8.5,850.0,2025-09-08,8.485333333333333,180.61630601913356,Large,Known Broker,Known Broker,True,False,False,True
18767,19268,2030000000000000.0,NBF3,34,58,100.0,9.09,909.0,2025-09-08,9.10811320754717,5.248113946573088,Large,Known Broker,Known Broker,False,True,False,True
18820,19321,2030000000000000.0,SHEL,51,45,640.0,302.0,0.0,2025-09-08,303.3728467373475,8.80473357531431,Large,Known Broker,Known Broker,False,True,True,False
18939,19440,2030000000000000.0,HIDCLP,41,1,3.0,196.2,588.6,2025-09-08,196.56631634340698,447.87216926261425,Small,Known Broker,Known Broker,False,True,False,True
18966,19467,2030000000000000.0,API,62,35,900.0,285.9,0.0,2025-09-08,287.32858866103743,0.057735020103470445,Large,Known Broker,Known Broker,False,True,True,False
18982,19483,2030000000000000.0,SHPC,45,34,794.0,533.1,0.0,2025-09-08,538.9915543486029,141.1087169525685,Large,Known Broker,Known Broker,False,True,True,False
18993,19494,2030000000000000.0,MHCL,33,62,746.0,408.0,0.0,2025-09-08,412.60443793402777,250.60088454219917,Large,Known Broker,Known Broker,False,True,True,False
18997,19498,2030000000000000.0,BHL,44,10,842.0,184.3,0.0,2025-09-08,185.06825032657494,252.95268991124433,Large,Known Broker,Known Broker,False,True,True,False
19055,19556,2030000000000000.0,UPCL,14,72,700.0,407.0,0.0,2025-09-08,411.3926609815923,113.80831838373938,Large,Known Broker,Known Broker,False,True,True,False
195,196,2030000000000000.0,GHL,38,10,700.0,216.8,0.0,2025-09-08,218.7739030937816,112.87215481832887,Large,Known Broker,Known Broker,False,True,True,False
1459,1960,2030000000000000.0,NIFRA,35,101,946.0,269.9,0.0,2025-09-08,270.6788130899634,101.20347490739816,Large,Known Broker,Known Broker,False,True,True,False
19165,19666,2030000000000000.0,HIDCLP,55,59,855.0,196.0,0.0,2025-09-08,196.56631634340698,285.2110329796744,Large,Known Broker,Known Broker,False,True,True,False
19167,19668,2030000000000000.0,SHEL,53,51,870.0,302.8,0.0,2025-09-08,303.3728467373475,61.68989652554128,Large,Known Broker,Known Broker,False,True,True,False
19180,19681,2030000000000000.0,HIDCLP,55,43,975.0,196.0,0.0,2025-09-08,196.56631634340698,396.1201879901285,Large,Known Broker,Known Broker,False,True,True,False
19194,19695,2030000000000000.0,GLH,14,58,700.0,250.0,0.0,2025-09-08,252.01345554967978,128.25982743373856,Large,Known Broker,Known Broker,False,True,True,False
19260,19761,2030000000000000.0,HDHPC,10,34,700.0,181.7,0.0,2025-09-08,182.7698332387975,320.23255612132897,Large,Known Broker,Known Broker,False,True,True,False
19264,19765,2030000000000000.0,RLFL,45,13,764.0,440.0,0.0,2025-09-08,443.5597952617724,138.52730176154756,Large,Known Broker,Known Broker,False,True,True,False
19269,19770,2030000000000000.0,RLFL,16,13,820.0,442.0,0.0,2025-09-08,443.5597952617724,255.1888189818132,Large,Known Broker,Known Broker,False,True,True,False
19270,19771,2030000000000000.0,RLFL,49,13,896.0,442.0,0.0,2025-09-08,443.5597952617724,255.1888189818132,Large,Known Broker,Known Broker,False,True,True,False
19405,19906,2030000000000000.0,NGPL,85,40,927.0,392.2,0.0,2025-09-08,397.2731191471952,196.47496871951196,Large,Known Broker,Known Broker,False,True,True,False
19407,19908,2030000000000000.0,NGPL,57,40,873.0,392.5,0.0,2025-09-08,397.2731191471952,0.15275252256651217,Large,Known Broker,Known Broker,False,True,True,False
19458,19959,2030000000000000.0,LEC,44,41,730.0,208.0,0.0,2025-09-08,211.5893387230881,330.78696064587143,Large,Known Broker,Known Broker,False,True,True,False
19489,19990,2030000000000000.0,ICFC,1,55,630.0,650.1,0.0,2025-09-08,651.3769078947369,89.54702675132039,Large,Known Broker,Known Broker,False,True,True,False
19522,20023,2030000000000000.0,NMLBBL,25,26,1.0,632.1,632.1,2025-09-08,641.552659382879,122.53368244419187,Small,Known Broker,Known Broker,False,True,False,True
19529,20030,2030000000000000.0,SHIVM,35,16,800.0,576.1,0.0,2025-09-08,582.6545621696162,208.28084405436803,Large,Known Broker,Known Broker,False,True,True,False
19612,20113,2030000000000000.0,UPCL,49,8,790.0,406.9,0.0,2025-09-08,411.3926609815923,102.16214236855583,Large,Known Broker,Known Broker,False,True,True,False
1515,2016,2030000000000000.0,BARUN,58,55,980.0,315.2,0.0,2025-09-08,319.89009652614925,150.5729502046571,Large,Known Broker,Known Broker,False,True,True,False
19684,20185,2030000000000000.0,NGPL,52,45,873.0,393.0,0.0,2025-09-08,397.2731191471952,80.82903768654607,Large,Known Broker,Known Broker,False,True,True,False
1521,2022,2030000000000000.0,UMHL,62,60,994.0,576.0,0.0,2025-09-08,574.7904068966278,100.315020477169,Large,Known Broker,Known Broker,True,False,True,False
19752,20253,2030000000000000.0,HIDCL,34,42,730.0,270.1,0.0,2025-09-08,271.3138952392916,249.75722211780237,Large,Known Broker,Known Broker,False,True,True,False
19761,20262,2030000000000000.0,NRM,48,47,674.0,445.0,0.0,2025-09-08,450.7210002548059,196.42943601541884,Large,Known Broker,Known Broker,False,True,True,False
1532,2033,2030000000000000.0,NABIL,17,44,628.0,513.0,0.0,2025-09-08,511.22047945548263,118.20689489196567,Large,Known Broker,Known Broker,True,False,True,False
19868,20369,2030000000000000.0,JBBL,42,40,1.0,322.0,322.0,2025-09-08,326.62677924362356,420.99376479943385,Small,Known Broker,Known Broker,False,True,False,True
19889,20390,2030000000000000.0,NIFRA,80,48,874.0,270.0,0.0,2025-09-08,270.6788130899634,171.14500674379116,Large,Known Broker,Known Broker,False,True,True,False
19900,20401,2030000000000000.0,HLI,21,6,1.0,386.2,386.2,2025-09-08,395.0524708789269,216.53917274556653,Small,Known Broker,Known Broker,False,True,False,True
19979,20480,2030000000000000.0,HRL,45,44,852.0,971.6,0.0,2025-09-08,979.7508980090372,1.7349351585695616,Large,Known Broker,Known Broker,False,True,True,False
19990,20491,2030000000000000.0,NICFC,78,32,100.0,9.01,901.0,2025-09-08,9.041509433962265,500.47920306442364,Large,Known Broker,Known Broker,False,True,False,True
20002,20503,2030000000000000.0,SHEL,47,14,700.0,302.0,0.0,2025-09-08,303.3728467373475,131.70513783954533,Large,Known Broker,Known Broker,False,True,True,False
20022,20523,2030000000000000.0,KBL,94,58,730.0,195.0,0.0,2025-09-08,195.39428881472838,301.8279394511597,Large,Known Broker,Known Broker,False,True,True,False
20071,20572,2030000000000000.0,NIBLSTF,58,58,100.0,8.5,850.0,2025-09-08,8.485333333333333,406.38745469481984,Large,Known Broker,Known Broker,True,False,False,True
20108,20609,2030000000000000.0,LBBL,91,3,900.0,520.8,0.0,2025-09-08,524.6788026970823,294.0544394042255,Large,Known Broker,Known Broker,False,True,True,False
20115,20616,2030000000000000.0,ADBL,25,32,753.0,318.0,0.0,2025-09-08,318.2719262638099,38.595897882194606,Large,Known Broker,Known Broker,False,True,True,False
20127,20628,2030000000000000.0,SAHAS,57,19,888.0,620.0,0.0,2025-09-08,625.1987110999977,357.9571668975687,Large,Known Broker,Known Broker,False,True,True,False
20149,20650,2030000000000000.0,KSBBL,3,55,860.0,521.2,0.0,2025-09-08,526.8804312337569,117.86606806032366,Large,Known Broker,Known Broker,False,True,True,False
20158,20659,2030000000000000.0,MNMF1,57,21,100.0,9.01,901.0,2025-09-08,9.009166666666667,391.755174439342,Large,Known Broker,Known Broker,True,False,False,True
20205,20706,2030000000000000.0,LSL,38,41,800.0,230.0,0.0,2025-09-08,230.8863056823548,0.0,Large,Known Broker,Known Broker,False,True,True,False
20219,20720,2030000000000000.0,LEC,64,42,842.0,208.1,0.0,2025-09-08,211.5893387230881,165.57563226513736,Large,Known Broker,Known Broker,False,True,True,False
20337,20838,2030000000000000.0,NIFRA,45,41,650.0,270.0,0.0,2025-09-08,270.6788130899634,140.16548552811528,Large,Known Broker,Known Broker,False,True,True,False
20338,20839,2030000000000000.0,SHPC,45,42,880.0,533.0,0.0,2025-09-08,538.9915543486029,175.45957749103766,Large,Known Broker,Known Broker,False,True,True,False
20352,20853,2030000000000000.0,LSL,7,50,881.0,230.0,0.0,2025-09-08,230.8863056823548,284.0271348539338,Large,Known Broker,Known Broker,False,True,True,False
20509,21010,2030000000000000.0,SHEL,57,1,694.0,302.0,0.0,2025-09-08,303.3728467373475,91.46766277397712,Large,Known Broker,Known Broker,False,True,True,False
20512,21013,2030000000000000.0,SHEL,63,1,680.0,302.1,0.0,2025-09-08,303.3728467373475,0.05773502675547362,Large,Known Broker,Known Broker,False,True,True,False
20619,21120,2030000000000000.0,LEC,14,28,750.0,209.0,0.0,2025-09-08,211.5893387230881,120.66620626062657,Large,Known Broker,Known Broker,False,True,True,False
1612,2113,2030000000000000.0,HDHPC,4,45,900.0,180.5,0.0,2025-09-08,182.7698332387975,277.1049801068201,Large,Known Broker,Known Broker,False,True,True,False
20679,21180,2030000000000000.0,PMHPL,34,48,800.0,350.0,0.0,2025-09-08,352.30811812139046,130.4811608368578,Large,Known Broker,Known Broker,False,True,True,False
20681,21182,2030000000000000.0,PMHPL,53,48,898.0,350.0,0.0,2025-09-08,352.30811812139046,0.0,Large,Known Broker,Known Broker,False,True,True,False
20781,21282,2030000000000000.0,MEN,57,58,700.0,610.0,0.0,2025-09-08,614.2903106470063,95.26279441629454,Large,Known Broker,Known Broker,False,True,True,False
20900,21401,2030000000000000.0,SAHAS,14,42,657.0,623.0,0.0,2025-09-08,625.1987110999977,91.22134253197022,Large,Known Broker,Known Broker,False,True,True,False
20954,21455,2030000000000000.0,UNHPL,28,21,800.0,453.3,0.0,2025-09-08,456.54486181837126,378.83223639671263,Large,Known Broker,Known Broker,False,True,True,False
1645,2146,2030000000000000.0,BHDC,21,39,636.0,562.1,0.0,2025-09-08,573.7702118184095,122.3630254611284,Large,Known Broker,Known Broker,False,True,True,False
20971,21472,2030000000000000.0,PMHPL,88,52,848.0,350.0,0.0,2025-09-08,352.30811812139046,0.0,Large,Known Broker,Known Broker,False,True,True,False
20981,21482,2030000000000000.0,UMHL,39,94,808.0,576.4,0.0,2025-09-08,574.7904068966278,0.0,Large,Known Broker,Known Broker,True,False,True,False
21029,21530,2030000000000000.0,AKPL,58,34,900.0,252.0,0.0,2025-09-08,253.25692971779202,347.74755690490997,Large,Known Broker,Known Broker,False,True,True,False
21053,21554,2030000000000000.0,NBL,10,43,633.0,245.0,0.0,2025-09-08,247.01757500517277,22.808843314204196,Large,Known Broker,Known Broker,False,True,True,False
21213,21714,2030000000000000.0,MBL,21,95,890.0,248.0,0.0,2025-09-08,249.0411341426615,111.61061777447,Large,Known Broker,Known Broker,False,True,True,False
21351,21852,2030000000000000.0,HRL,84,80,775.0,972.1,0.0,2025-09-08,979.7508980090372,561.2421966792347,Large,Known Broker,Known Broker,False,True,True,False
21362,21863,2030000000000000.0,NBL,64,55,799.0,246.0,0.0,2025-09-08,247.01757500517277,0.0,Large,Known Broker,Known Broker,False,True,True,False
21369,21870,2030000000000000.0,LBBL,45,13,772.0,522.0,0.0,2025-09-08,524.6788026970823,119.28056561457703,Large,Known Broker,Known Broker,False,True,True,False
21384,21885,2030000000000000.0,SHEL,3,57,680.0,302.2,0.0,2025-09-08,303.3728467373475,394.21476380267717,Large,Known Broker,Known Broker,False,True,True,False
21448,21949,2030000000000000.0,JBBL,14,48,889.0,325.0,0.0,2025-09-08,326.62677924362356,187.6388374866242,Large,Known Broker,Known Broker,False,True,True,False
219,220,2030000000000000.0,NICSF,33,13,100.0,8.9,890.0,2025-09-08,8.820769230769232,5.1384173955605705,Large,Known Broker,Known Broker,True,False,False,True
21519,22020,2030000000000000.0,MCHL,42,57,743.0,468.5,0.0,2025-09-08,469.72168888888893,270.48860111533844,Large,Known Broker,Known Broker,False,True,True,False
21554,22055,2030000000000000.0,HDHPC,71,33,647.0,182.1,0.0,2025-09-08,182.7698332387975,0.0,Large,Known Broker,Known Broker,False,True,True,False
21564,22065,2030000000000000.0,UPCL,57,8,931.0,406.0,0.0,2025-09-08,411.3926609815923,413.27119828671005,Large,Known Broker,Known Broker,False,True,True,False
1720,2221,2030000000000000.0,PMLI,59,13,1.0,485.0,485.0,2025-09-08,487.38928571428573,123.39490805269445,Small,Known Broker,Known Broker,False,True,False,True
1721,2222,2030000000000000.0,SHINE,44,7,778.0,416.0,0.0,2025-09-08,414.7271960251242,240.17771198288017,Large,Known Broker,Known Broker,True,False,True,False
1722,2223,2030000000000000.0,SHINE,44,38,782.0,415.9,0.0,2025-09-08,414.7271960251242,272.3259138116204,Large,Known Broker,Known Broker,True,False,True,False
21750,22251,2030000000000000.0,UPCL,48,34,870.0,405.8,0.0,2025-09-08,411.3926609815923,23.32123495872106,Large,Known Broker,Known Broker,False,True,True,False
21766,22267,2030000000000000.0,DORDI,41,59,635.0,237.3,0.0,2025-09-08,238.47625488173932,0.15275251955690253,Large,Known Broker,Known Broker,False,True,True,False
21786,22287,2030000000000000.0,RMF1,48,35,100.0,9.04,904.0,2025-09-08,9.157480029048656,439.71574136025697,Large,Known Broker,Known Broker,False,True,False,True
21797,22298,2030000000000000.0,HIDCL,45,95,981.0,270.0,0.0,2025-09-08,271.3138952392916,155.88457268119313,Large,Known Broker,Known Broker,False,True,True,False
21850,22351,2030000000000000.0,UPCL,36,8,807.0,406.0,0.0,2025-09-08,411.3926609815923,101.36238618606147,Large,Known Broker,Known Broker,False,True,True,False
1737,2238,2030000000000000.0,UNHPL,33,28,965.0,465.0,0.0,2025-09-08,456.54486181837126,262.1189297500941,Large,Known Broker,Known Broker,True,False,True,False
21888,22389,2030000000000000.0,DORDI,4,57,638.0,237.2,0.0,2025-09-08,238.47625488173932,181.25904115381127,Large,Known Broker,Known Broker,False,True,True,False
21926,22427,2030000000000000.0,LSL,28,83,783.0,230.3,0.0,2025-09-08,230.8863056823548,0.057735012686361,Large,Known Broker,Known Broker,False,True,True,False
21927,22428,2030000000000000.0,UPCL,48,57,874.0,406.0,0.0,2025-09-08,411.3926609815923,101.44044229661075,Large,Known Broker,Known Broker,False,True,True,False
1744,2245,2030000000000000.0,NBL,45,41,776.0,246.0,0.0,2025-09-08,247.01757500517277,144.06134110162202,Large,Known Broker,Known Broker,False,True,True,False
21971,22472,2030000000000000.0,MEN,44,49,965.0,610.3,0.0,2025-09-08,614.2903106470063,180.83476804346338,Large,Known Broker,Known Broker,False,True,True,False
21978,22479,2030000000000000.0,UPCL,13,22,640.0,406.2,0.0,2025-09-08,411.3926609815923,27.60217382742621,Large,Known Broker,Known Broker,False,True,True,False
22008,22509,2030000000000000.0,KDBY,52,32,100.0,9.03,903.0,2025-09-08,9.149615384615384,5.213472930454746,Large,Known Broker,Known Broker,False,True,False,True
22009,22510,2030000000000000.0,NMBHF2,52,51,100.0,8.98,898.0,2025-09-08,8.995427728613569,136.94459938236741,Large,Known Broker,Known Broker,False,True,False,True
22055,22556,2030000000000000.0,MNMF1,57,45,100.0,9.01,901.0,2025-09-08,9.009166666666667,404.45606687665276,Large,Known Broker,Known Broker,True,False,False,True
22162,22663,2030000000000000.0,SANIMA,44,28,950.0,364.0,0.0,2025-09-08,365.24953040257503,0.0,Large,Known Broker,Known Broker,False,True,True,False
22175,22676,2030000000000000.0,MEN,47,49,865.0,610.4,0.0,2025-09-08,614.2903106470063,352.41460431334474,Large,Known Broker,Known Broker,False,True,True,False
22230,22731,2030000000000000.0,NIBLSTF,13,51,100.0,8.48,848.0,2025-09-08,8.485333333333333,380.20618897294713,Large,Known Broker,Known Broker,False,True,False,True
22238,22739,2030000000000000.0,HLI,49,56,1.0,387.1,387.1,2025-09-08,395.0524708789269,101.99849672094496,Small,Known Broker,Known Broker,False,True,False,True
22301,22802,2030000000000000.0,MBL,21,13,700.0,248.6,0.0,2025-09-08,249.0411341426615,190.179178671059,Large,Known Broker,Known Broker,False,True,True,False
22307,22808,2030000000000000.0,NRIC,76,14,840.0,0.0,0.0,2025-09-08,0.0,118.76095037229264,Large,Known Broker,Known Broker,False,False,True,False
1780,2281,2030000000000000.0,SPDL,39,48,830.0,402.0,0.0,2025-09-08,401.774507579763,232.09480821422358,Large,Known Broker,Known Broker,True,False,True,False
22357,22858,2030000000000000.0,UNHPL,45,58,922.0,455.0,0.0,2025-09-08,456.54486181837126,60.621778264901785,Large,Known Broker,Known Broker,False,True,True,False
22385,22886,2030000000000000.0,LSL,1,57,717.0,230.4,0.0,2025-09-08,230.8863056823548,12.75944094901377,Large,Known Broker,Known Broker,False,True,True,False
22409,22910,2030000000000000.0,SSHL,67,56,675.0,174.1,0.0,2025-09-08,174.9086079354405,100.48782679175937,Large,Known Broker,Known Broker,False,True,True,False
22420,22921,2030000000000000.0,BHL,42,34,850.0,184.5,0.0,2025-09-08,185.06825032657494,384.1817061409003,Large,Known Broker,Known Broker,False,True,True,False
22443,22944,2030000000000000.0,MDB,17,62,981.0,596.9,0.0,2025-09-08,600.3995787602412,344.6492468196212,Large,Known Broker,Known Broker,False,True,True,False
22457,22958,2030000000000000.0,KSBBL,59,48,772.0,523.9,0.0,2025-09-08,526.8804312337569,139.10112628347775,Large,Known Broker,Known Broker,False,True,True,False
1795,2296,2030000000000000.0,BHCL,33,35,700.0,458.9,0.0,2025-09-08,465.9123469223332,37.498933318156965,Large,Known Broker,Known Broker,False,True,True,False
1799,2300,2030000000000000.0,PMLI,59,58,1.0,485.0,485.0,2025-09-08,487.38928571428573,165.266038051779,Small,Known Broker,Known Broker,False,True,False,True
22531,23032,2030000000000000.0,MBLEF,6,58,100.0,9.1,910.0,2025-09-08,9.062,120.05999888943153,Large,Known Broker,Known Broker,True,False,False,True
22587,23088,2030000000000000.0,UMHL,39,18,940.0,576.2,0.0,2025-09-08,574.7904068966278,22.603318340457637,Large,Known Broker,Known Broker,True,False,True,False
1808,2309,2030000000000000.0,KSBBL,25,32,700.0,523.1,0.0,2025-09-08,526.8804312337569,30.657299293969693,Large,Known Broker,Known Broker,False,True,True,False
22590,23091,2030000000000000.0,UMHL,39,14,900.0,576.1,0.0,2025-09-08,574.7904068966278,30.599564267050695,Large,Known Broker,Known Broker,True,False,True,False
1809,2310,2030000000000000.0,KSBBL,25,32,700.0,523.2,0.0,2025-09-08,526.8804312337569,121.10445904259181,Large,Known Broker,Known Broker,False,True,True,False
22630,23131,2030000000000000.0,UMHL,39,42,880.0,576.0,0.0,2025-09-08,574.7904068966278,29.040718540239503,Large,Known Broker,Known Broker,True,False,True,False
22645,23146,2030000000000000.0,UPCL,43,8,784.0,407.0,0.0,2025-09-08,411.3926609815923,53.20153506555632,Large,Known Broker,Known Broker,False,True,True,False
22677,23178,2030000000000000.0,LEC,45,7,875.0,209.0,0.0,2025-09-08,211.5893387230881,393.4933332768603,Large,Known Broker,Known Broker,False,True,True,False
22679,23180,2030000000000000.0,LEC,61,7,725.0,209.0,0.0,2025-09-08,211.5893387230881,120.6662062606163,Large,Known Broker,Known Broker,False,True,True,False
22714,23215,2030000000000000.0,NLICL,65,33,800.0,578.8,0.0,2025-09-08,581.922821969697,0.10000000089592241,Large,Known Broker,Known Broker,False,True,True,False
22735,23236,2030000000000000.0,UNHPL,41,71,970.0,452.4,0.0,2025-09-08,456.54486181837126,105.22209843943631,Large,Known Broker,Known Broker,False,True,True,False
22768,23269,2030000000000000.0,RADHI,45,58,701.0,755.1,0.0,2025-09-08,755.9634460172596,413.5619784264496,Large,Known Broker,Known Broker,False,True,True,False
22781,23282,2030000000000000.0,UPCL,56,43,969.0,406.6,0.0,2025-09-08,411.3926609815923,234.7506194524929,Large,Known Broker,Known Broker,False,True,True,False
1828,2329,2030000000000000.0,NIFRA,42,22,750.0,270.0,0.0,2025-09-08,270.6788130899634,155.88457268118395,Large,Known Broker,Known Broker,False,True,True,False
22792,23293,2030000000000000.0,DORDI,41,90,700.0,237.5,0.0,2025-09-08,238.47625488173932,124.15918545694005,Large,Known Broker,Known Broker,False,True,True,False
232,233,2030000000000000.0,JBBL,34,8,685.0,325.5,0.0,2025-09-08,326.62677924362356,362.4107200401251,Large,Known Broker,Known Broker,False,True,True,False
1834,2335,2030000000000000.0,BEDC,50,33,800.0,623.0,0.0,2025-09-08,627.0425475901175,44.4271313501131,Large,Known Broker,Known Broker,False,True,True,False
22868,23369,2030000000000000.0,RIDI,4,28,920.0,226.2,0.0,2025-09-08,226.62822529694213,136.93166178790784,Large,Known Broker,Known Broker,False,True,True,False
22916,23417,2030000000000000.0,SLCF,57,1,700.0,9.08,0.0,2025-09-08,9.152307692307692,150.69996726386188,Large,Known Broker,Known Broker,False,True,True,False
22921,23422,2030000000000000.0,PRVU,48,48,880.0,205.0,0.0,2025-09-08,206.1827447947991,113.10869167896793,Large,Known Broker,Known Broker,False,True,True,False
22925,23426,2030000000000000.0,NIL,14,77,1.0,662.5,662.5,2025-09-08,675.3569597791798,300.4356337054577,Small,Known Broker,Known Broker,False,True,False,True
22973,23474,2030000000000000.0,RSY,42,58,100.0,8.95,895.0,2025-09-08,9.013636363636364,374.97063329457035,Large,Known Broker,Known Broker,False,True,False,True
22993,23494,2030000000000000.0,HLI,21,48,2.0,386.3,772.6,2025-09-08,395.0524708789269,109.55222498880073,Small,Known Broker,Known Broker,False,True,False,True
1850,2351,2030000000000000.0,NIMB,26,48,822.0,205.1,0.0,2025-09-08,205.93632220009192,33.56193280086613,Large,Known Broker,Known Broker,False,True,True,False
23022,23523,2030000000000000.0,SADBL,45,14,640.0,412.2,0.0,2025-09-08,416.98130732375085,96.0146516596971,Large,Known Broker,Known Broker,False,True,True,False
23065,23566,2030000000000000.0,PRVU,52,32,630.0,205.2,0.0,2025-09-08,206.1827447947991,0.09999998219715737,Large,Known Broker,Known Broker,False,True,True,False
23119,23620,2030000000000000.0,AKJCL,49,54,740.0,192.1,0.0,2025-09-08,193.01680120878046,133.21062269953387,Large,Known Broker,Known Broker,False,True,True,False
23142,23643,2030000000000000.0,GBIME,86,1,889.0,244.0,0.0,2025-09-08,245.3072155812442,117.1572163092436,Large,Known Broker,Known Broker,False,True,True,False
23159,23660,2030000000000000.0,BHL,74,10,860.0,185.0,0.0,2025-09-08,185.06825032657494,317.542648054291,Large,Known Broker,Known Broker,False,True,True,False
23166,23667,2030000000000000.0,NMBHF2,52,58,100.0,8.98,898.0,2025-09-08,8.995427728613569,332.3011888834129,Large,Known Broker,Known Broker,False,True,False,True
1872,2373,2030000000000000.0,NGPL,34,40,841.0,398.8,0.0,2025-09-08,397.2731191471952,215.46712046156986,Large,Known Broker,Known Broker,True,False,True,False
23370,23871,2030000000000000.0,SNLI,21,34,1.0,446.0,446.0,2025-09-08,454.30175086107926,165.5000906344169,Small,Known Broker,Known Broker,False,True,False,True
23414,23915,2030000000000000.0,GHL,14,49,668.0,218.0,0.0,2025-09-08,218.7739030937816,165.84656563622096,Large,Known Broker,Known Broker,False,True,True,False
23482,23983,2030000000000000.0,GLH,70,56,963.0,250.0,0.0,2025-09-08,252.01345554967978,0.0,Large,Known Broker,Known Broker,False,True,True,False
23515,24016,2030000000000000.0,HLI,49,56,1.0,386.2,386.2,2025-09-08,395.0524708789269,21.815667153022673,Small,Known Broker,Known Broker,False,True,False,True
23642,24143,2030000000000000.0,BHL,58,35,800.0,185.0,0.0,2025-09-08,185.06825032657494,0.0,Large,Known Broker,Known Broker,False,True,True,False
1920,2421,2030000000000000.0,GBIME,28,56,800.0,244.5,0.0,2025-09-08,245.3072155812442,34.35234101672689,Large,Known Broker,Known Broker,False,True,True,False
23714,24215,2030000000000000.0,AHPC,49,45,629.0,281.2,0.0,2025-09-08,282.77807694917556,109.06151169560891,Large,Known Broker,Known Broker,False,True,True,False
23730,24231,2030000000000000.0,MNBBL,28,36,700.0,436.1,0.0,2025-09-08,438.0804152090383,239.63465942972493,Large,Known Broker,Known Broker,False,True,True,False
1937,2438,2030000000000000.0,HRL,45,33,796.0,974.2,0.0,2025-09-08,979.7508980090372,487.49305636080487,Large,Known Broker,Known Broker,False,True,True,False
23922,24423,2030000000000000.0,GVL,38,19,700.0,526.0,0.0,2025-09-08,528.5344516129032,172.62773048769307,Large,Known Broker,Known Broker,False,True,True,False
23977,24478,2030000000000000.0,HIDCL,44,72,781.0,270.3,0.0,2025-09-08,271.3138952392916,372.54627005693226,Large,Known Broker,Known Broker,False,True,True,False
24005,24506,2030000000000000.0,NRIC,48,28,970.0,0.0,0.0,2025-09-08,0.0,229.39505952249743,Large,Known Broker,Known Broker,False,False,True,False
24030,24531,2030000000000000.0,RADHI,45,97,633.0,756.1,0.0,2025-09-08,755.9634460172596,124.39012554593712,Large,Known Broker,Known Broker,True,False,True,False
24084,24585,2030000000000000.0,PRVU,78,45,650.0,205.1,0.0,2025-09-08,206.1827447947991,171.26384128978222,Large,Known Broker,Known Broker,False,True,True,False
24168,24669,2030000000000000.0,HLI,56,38,728.0,394.0,0.0,2025-09-08,395.0524708789269,85.07257685841581,Large,Known Broker,Known Broker,False,True,True,False
24176,24677,2030000000000000.0,UNHPL,33,39,688.0,455.0,0.0,2025-09-08,456.54486181837126,228.045346367772,Large,Known Broker,Known Broker,False,True,True,False
24178,24679,2030000000000000.0,UNHPL,41,39,900.0,455.1,0.0,2025-09-08,456.54486181837126,0.0577350184967546,Large,Known Broker,Known Broker,False,True,True,False
24181,24682,2030000000000000.0,NGPL,29,41,705.0,392.3,0.0,2025-09-08,397.2731191471952,110.90898671131805,Large,Known Broker,Known Broker,False,True,True,False
24211,24712,2030000000000000.0,NICA,44,56,3.0,333.0,999.0,2025-09-08,339.855737757732,169.13406910888733,Small,Known Broker,Known Broker,False,True,False,True
24268,24769,2030000000000000.0,UNHPL,65,57,796.0,455.3,0.0,2025-09-08,456.54486181837126,181.114779444785,Large,Known Broker,Known Broker,False,True,True,False
24271,24772,2030000000000000.0,HRL,77,4,760.0,973.0,0.0,2025-09-08,979.7508980090372,511.4198307978794,Large,Known Broker,Known Broker,False,True,True,False
24281,24782,2030000000000000.0,NRIC,63,28,645.0,0.0,0.0,2025-09-08,0.0,148.59287780149265,Large,Known Broker,Known Broker,False,False,True,False
1978,2479,2030000000000000.0,LBBL,99,58,800.0,523.9,0.0,2025-09-08,524.6788026970823,302.4738060284384,Large,Known Broker,Known Broker,False,True,True,False
1988,2489,2030000000000000.0,NMB,26,16,950.0,246.1,0.0,2025-09-08,247.3060984863613,283.86776851202774,Large,Known Broker,Known Broker,False,True,True,False
24398,24899,2030000000000000.0,SPDL,21,14,800.0,399.0,0.0,2025-09-08,401.774507579763,307.683121625696,Large,Known Broker,Known Broker,False,True,True,False
24405,24906,2030000000000000.0,KSY,58,51,100.0,9.0,900.0,2025-09-08,8.94111111111111,150.74615528539647,Large,Known Broker,Known Broker,True,False,False,True
1992,2493,2030000000000000.0,DORDI,11,47,831.0,236.2,0.0,2025-09-08,238.47625488173932,5.080682368496721,Large,Known Broker,Known Broker,False,True,True,False
24442,24943,2030000000000000.0,GBIME,28,45,800.0,245.0,0.0,2025-09-08,245.3072155812442,0.0,Large,Known Broker,Known Broker,False,True,True,False
24492,24993,2030000000000000.0,NRM,38,35,635.0,448.0,0.0,2025-09-08,450.7210002548059,5.427092530232102,Large,Known Broker,Known Broker,False,True,True,False
24509,25010,2030000000000000.0,BHL,50,35,666.0,185.1,0.0,2025-09-08,185.06825032657494,206.0563110737694,Large,Known Broker,Known Broker,True,False,True,False
24533,25034,2030000000000000.0,GHL,28,48,845.0,218.0,0.0,2025-09-08,218.7739030937816,125.86235868331516,Large,Known Broker,Known Broker,False,True,True,False
24550,25051,2030000000000000.0,MDB,17,57,955.0,597.0,0.0,2025-09-08,600.3995787602412,314.40392809250847,Large,Known Broker,Known Broker,False,True,True,False
24587,25088,2030000000000000.0,PMHPL,19,97,757.0,352.2,0.0,2025-09-08,352.30811812139046,203.31390344324586,Large,Known Broker,Known Broker,False,True,True,False
24597,25098,2030000000000000.0,LBBL,57,77,900.0,522.7,0.0,2025-09-08,524.6788026970823,0.057735019824627525,Large,Known Broker,Known Broker,False,True,True,False
24619,25120,2030000000000000.0,RNLI,57,44,689.0,450.1,0.0,2025-09-08,451.04576344292144,21.506355649705743,Large,Known Broker,Known Broker,False,True,True,False
24628,25129,2030000000000000.0,RNLI,4,44,941.0,451.1,0.0,2025-09-08,451.04576344292144,0.05773501338783056,Large,Known Broker,Known Broker,True,False,True,False
24643,25144,2030000000000000.0,NICLBSL,77,22,690.0,568.0,0.0,2025-09-08,571.131089560753,0.0,Large,Known Broker,Known Broker,False,True,True,False
24647,25148,2030000000000000.0,NGPL,59,60,668.0,392.4,0.0,2025-09-08,397.2731191471952,162.10524359192692,Large,Known Broker,Known Broker,False,True,True,False
24648,25149,2030000000000000.0,NGPL,44,60,832.0,392.4,0.0,2025-09-08,397.2731191471952,84.35087432858874,Large,Known Broker,Known Broker,False,True,True,False
24692,25193,2030000000000000.0,KPCL,40,48,750.0,549.0,0.0,2025-09-08,548.3447876873347,0.5773502685954949,Large,Known Broker,Known Broker,True,False,True,False
24721,25222,2030000000000000.0,HDL,45,99,800.0,0.0,0.0,2025-09-08,0.0,0.0,Large,Known Broker,Known Broker,False,False,True,False
24723,25224,2030000000000000.0,HDL,46,99,815.0,0.0,0.0,2025-09-08,0.0,0.0,Large,Known Broker,Known Broker,False,False,True,False
24729,25230,2030000000000000.0,SHEL,42,48,771.0,302.2,0.0,2025-09-08,303.3728467373475,91.71210389036659,Large,Known Broker,Known Broker,False,True,True,False
24786,25287,2030000000000000.0,PRVU,40,54,800.0,205.2,0.0,2025-09-08,206.1827447947991,121.47515521015195,Large,Known Broker,Known Broker,False,True,True,False
24789,25290,2030000000000000.0,HRL,100,42,856.0,975.0,0.0,2025-09-08,979.7508980090372,256.43777672826343,Large,Known Broker,Known Broker,False,True,True,False
24799,25300,2030000000000000.0,NIFRA,28,45,973.0,270.1,0.0,2025-09-08,270.6788130899634,372.1469378260864,Large,Known Broker,Known Broker,False,True,True,False
24803,25304,2030000000000000.0,NIFRA,83,45,732.0,270.3,0.0,2025-09-08,270.6788130899634,0.057734995900956924,Large,Known Broker,Known Broker,False,True,True,False
24844,25345,2030000000000000.0,MNBBL,28,60,630.0,436.1,0.0,2025-09-08,438.0804152090383,268.69698546875577,Large,Known Broker,Known Broker,False,True,True,False
24931,25432,2030000000000000.0,NMBHF2,52,51,100.0,8.98,898.0,2025-09-08,8.995427728613569,159.87983654397758,Large,Known Broker,Known Broker,False,True,False,True
24942,25443,2030000000000000.0,HLI,49,55,1.0,387.4,387.4,2025-09-08,395.0524708789269,341.9751306747301,Small,Known Broker,Known Broker,False,True,False,True
24968,25469,2030000000000000.0,SHINE,4,49,862.0,414.0,0.0,2025-09-08,414.7271960251242,172.73084071274343,Large,Known Broker,Known Broker,False,True,True,False
24978,25479,2030000000000000.0,PRVU,58,47,970.0,205.5,0.0,2025-09-08,206.1827447947991,0.11547003666840355,Large,Known Broker,Known Broker,False,True,True,False
25068,25569,2030000000000000.0,SHINE,55,49,862.0,414.0,0.0,2025-09-08,414.7271960251242,137.75954897331366,Large,Known Broker,Known Broker,False,True,True,False
25108,25609,2030000000000000.0,NIMB,34,94,922.0,206.0,0.0,2025-09-08,205.93632220009192,188.99029957469057,Large,Known Broker,Known Broker,True,False,True,False
25114,25615,2030000000000000.0,HRL,77,34,844.0,975.0,0.0,2025-09-08,979.7508980090372,313.27025606229466,Large,Known Broker,Known Broker,False,True,True,False
25133,25634,2030000000000000.0,UPPER,58,72,721.0,184.0,0.0,2025-09-08,184.21903205587392,0.0,Large,Known Broker,Known Broker,False,True,True,False
25159,25660,2030000000000000.0,HIDCL,45,42,651.0,270.4,0.0,2025-09-08,271.3138952392916,356.9719083251988,Large,Known Broker,Known Broker,False,True,True,False
25170,25671,2030000000000000.0,SHINE,55,49,960.0,414.0,0.0,2025-09-08,414.7271960251242,215.3481212672425,Large,Known Broker,Known Broker,False,True,True,False
25198,25699,2030000000000000.0,NMBHF2,52,43,100.0,8.98,898.0,2025-09-08,8.995427728613569,390.03172537627677,Large,Known Broker,Known Broker,False,True,False,True
2069,2570,2030000000000000.0,SPDL,45,22,900.0,403.9,0.0,2025-09-08,401.774507579763,416.69647962675555,Large,Known Broker,Known Broker,True,False,True,False
25230,25731,2030000000000000.0,GHL,16,48,950.0,218.3,0.0,2025-09-08,218.7739030937816,29.87791826743449,Large,Known Broker,Known Broker,False,True,True,False
25238,25739,2030000000000000.0,JBBL,55,51,829.0,326.0,0.0,2025-09-08,326.62677924362356,67.54998149516479,Large,Known Broker,Known Broker,False,True,True,False
25239,25740,2030000000000000.0,GCIL,85,43,890.0,475.0,0.0,2025-09-08,476.72208292092824,105.95753866524555,Large,Known Broker,Known Broker,False,True,True,False
25289,25790,2030000000000000.0,HBL,11,38,819.0,200.3,0.0,2025-09-08,200.8905443794453,26.73131746338954,Large,Known Broker,Known Broker,False,True,True,False
25306,25807,2030000000000000.0,SONA,58,35,956.0,440.6,0.0,2025-09-08,441.54964680212737,138.73726968625246,Large,Known Broker,Known Broker,False,True,True,False
25329,25830,2030000000000000.0,MKJC,39,21,815.0,600.0,0.0,2025-09-08,605.2195299125525,307.46032806417327,Large,Known Broker,Known Broker,False,True,True,False
25353,25854,2030000000000000.0,AKPL,42,49,670.0,252.5,0.0,2025-09-08,253.25692971779202,293.0286220377307,Large,Known Broker,Known Broker,False,True,True,False
25364,25865,2030000000000000.0,LBBL,57,58,900.0,523.2,0.0,2025-09-08,524.6788026970823,32.82240088719239,Large,Known Broker,Known Broker,False,True,True,False
25389,25890,2030000000000000.0,MERO,42,49,944.0,803.8,0.0,2025-09-08,811.6908540049232,350.1217121706874,Large,Known Broker,Known Broker,False,True,True,False
25394,25895,2030000000000000.0,LEC,34,45,850.0,210.1,0.0,2025-09-08,211.5893387230881,333.35262110863624,Large,Known Broker,Known Broker,False,True,True,False
25423,25924,2030000000000000.0,JBBL,44,41,780.0,326.3,0.0,2025-09-08,326.62677924362356,0.15275251216823724,Large,Known Broker,Known Broker,False,True,True,False
25463,25964,2030000000000000.0,HDL,75,44,660.0,0.0,0.0,2025-09-08,0.0,0.0,Large,Known Broker,Known Broker,False,False,True,False
25486,25987,2030000000000000.0,SHPC,48,10,979.0,535.0,0.0,2025-09-08,538.9915543486029,0.0,Large,Known Broker,Known Broker,False,True,True,False
25487,25988,2030000000000000.0,BHL,4,53,930.0,185.0,0.0,2025-09-08,185.06825032657494,202.07259421636388,Large,Known Broker,Known Broker,False,True,True,False
25506,26007,2030000000000000.0,BHL,42,16,820.0,185.0,0.0,2025-09-08,185.06825032657494,355.23841759209233,Large,Known Broker,Known Broker,False,True,True,False
25527,26028,2030000000000000.0,UMHL,62,18,960.0,576.2,0.0,2025-09-08,574.7904068966278,332.66922510705444,Large,Known Broker,Known Broker,True,False,True,False
2102,2603,2030000000000000.0,CZBIL,58,59,740.0,204.4,0.0,2025-09-08,205.57391576086957,214.65883008469922,Large,Known Broker,Known Broker,False,True,True,False
25549,26050,2030000000000000.0,EBL,43,48,650.0,716.9,0.0,2025-09-08,714.1563673550174,251.9845299484344,Large,Known Broker,Known Broker,True,False,True,False
25576,26077,2030000000000000.0,MNBBL,28,49,650.0,437.0,0.0,2025-09-08,438.0804152090383,321.04076065197245,Large,Known Broker,Known Broker,False,True,True,False
25588,26089,2030000000000000.0,SHIVM,17,58,700.0,582.0,0.0,2025-09-08,582.6545621696162,295.67408295846474,Large,Known Broker,Known Broker,False,True,True,False
25608,26109,2030000000000000.0,HIDCL,45,47,700.0,270.4,0.0,2025-09-08,271.3138952392916,189.2226290202322,Large,Known Broker,Known Broker,False,True,True,False
25622,26123,2030000000000000.0,ILI,43,10,976.0,444.0,0.0,2025-09-08,444.2173221960911,0.25166114442963383,Large,Known Broker,Known Broker,False,True,True,False
25741,26242,2030000000000000.0,HDHPC,35,38,650.0,182.5,0.0,2025-09-08,182.7698332387975,0.0,Large,Known Broker,Known Broker,False,True,True,False
25750,26251,2030000000000000.0,GCIL,22,43,690.0,475.1,0.0,2025-09-08,476.72208292092824,266.82029533001406,Large,Known Broker,Known Broker,False,True,True,False
25758,26259,2030000000000000.0,DORDI,45,49,960.0,238.0,0.0,2025-09-08,238.47625488173932,196.58776665905887,Large,Known Broker,Known Broker,False,True,True,False
25767,26268,2030000000000000.0,SBI,17,35,933.0,386.1,0.0,2025-09-08,386.3342444795757,85.50557486696273,Large,Known Broker,Known Broker,False,True,True,False
25799,26300,2030000000000000.0,SNLI,36,29,700.0,452.0,0.0,2025-09-08,454.30175086107926,226.73182396831766,Large,Known Broker,Known Broker,False,True,True,False
25888,26389,2030000000000000.0,LBBL,45,75,690.0,523.2,0.0,2025-09-08,524.6788026970823,0.05773502049605435,Large,Known Broker,Known Broker,False,True,True,False
25917,26418,2030000000000000.0,IGI,94,18,744.0,516.0,0.0,2025-09-08,519.2408539325843,0.3464101603753058,Large,Known Broker,Known Broker,False,True,True,False
25977,26478,2030000000000000.0,HRL,49,34,763.0,973.0,0.0,2025-09-08,979.7508980090372,0.5773502743608959,Large,Known Broker,Known Broker,False,True,True,False
2148,2649,2030000000000000.0,UMHL,62,1,750.0,576.1,0.0,2025-09-08,574.7904068966278,229.7276721105607,Large,Known Broker,Known Broker,True,False,True,False
26068,26569,2030000000000000.0,SBL,65,14,696.0,368.1,0.0,2025-09-08,370.97390539106954,350.4227494517631,Large,Known Broker,Known Broker,False,True,True,False
26086,26587,2030000000000000.0,HRL,77,34,970.0,976.0,0.0,2025-09-08,979.7508980090372,394.01911544153904,Large,Known Broker,Known Broker,False,True,True,False
26092,26593,2030000000000000.0,PCBL,25,34,718.0,246.2,0.0,2025-09-08,248.82813687101864,175.39901177980195,Large,Known Broker,Known Broker,False,True,True,False
26112,26613,2030000000000000.0,ADBL,38,46,700.0,318.1,0.0,2025-09-08,318.2719262638099,0.0,Large,Known Broker,Known Broker,False,True,True,False
26189,26690,2030000000000000.0,BPCL,95,58,1.0,800.0,800.0,2025-09-08,802.0449179571917,267.3878830463379,Small,Known Broker,Known Broker,False,True,False,True
26211,26712,2030000000000000.0,SAHAS,14,42,790.0,625.0,0.0,2025-09-08,625.1987110999977,0.0,Large,Known Broker,Known Broker,False,True,True,False
26228,26729,2030000000000000.0,API,100,34,735.0,285.4,0.0,2025-09-08,287.32858866103743,0.11547003166521069,Large,Known Broker,Known Broker,False,True,True,False
26256,26757,2030000000000000.0,PMLI,49,49,1.0,478.3,478.3,2025-09-08,487.38928571428573,19.490767044876392,Small,Known Broker,Known Broker,False,True,False,True
26257,26758,2030000000000000.0,MNBBL,28,1,850.0,437.0,0.0,2025-09-08,438.0804152090383,22.082194939156945,Large,Known Broker,Known Broker,False,True,True,False
26286,26787,2030000000000000.0,NICA,42,54,990.0,339.2,0.0,2025-09-08,339.855737757732,0.057734989462079,Large,Known Broker,Known Broker,False,True,True,False
26327,26828,2030000000000000.0,KDBY,43,42,100.0,9.1,910.0,2025-09-08,9.149615384615384,209.44992241582253,Large,Known Broker,Known Broker,False,True,False,True
26403,26904,2030000000000000.0,NRIC,43,59,957.0,0.0,0.0,2025-09-08,0.0,0.0,Large,Known Broker,Known Broker,False,False,True,False
26437,26938,2030000000000000.0,UPPER,55,32,721.0,184.0,0.0,2025-09-08,184.21903205587392,0.0,Large,Known Broker,Known Broker,False,True,True,False
26448,26949,2030000000000000.0,ALICL,28,59,700.0,475.0,0.0,2025-09-08,474.6760462130937,147.80166891253177,Large,Known Broker,Known Broker,True,False,True,False
26485,26986,2030000000000000.0,AKJCL,34,22,711.0,193.0,0.0,2025-09-08,193.01680120878046,0.0,Large,Known Broker,Known Broker,False,True,True,False
26525,27026,2030000000000000.0,API,100,87,850.0,285.4,0.0,2025-09-08,287.32858866103743,66.88649589662388,Large,Known Broker,Known Broker,False,True,True,False
26527,27028,2030000000000000.0,UAIL,29,1,820.0,513.1,0.0,2025-09-08,513.8778182597515,351.42030390972,Large,Known Broker,Known Broker,False,True,True,False
26532,27033,2030000000000000.0,MBLEF,6,35,100.0,9.24,924.0,2025-09-08,9.062,134.3595792391588,Large,Known Broker,Known Broker,True,False,False,True
26533,27034,2030000000000000.0,MBLEF,6,51,100.0,9.24,924.0,2025-09-08,9.062,5.334716486284916,Large,Known Broker,Known Broker,True,False,False,True
26534,27035,2030000000000000.0,MBLEF,6,62,100.0,9.2,920.0,2025-09-08,9.062,0.023093774712185655,Large,Known Broker,Known Broker,True,False,False,True
26629,27130,2030000000000000.0,HPPL,74,45,1.0,470.0,470.0,2025-09-08,470.13902122608965,268.58149452259704,Small,Known Broker,Known Broker,False,True,False,True
26689,27190,2030000000000000.0,PMLI,59,49,1.0,480.0,480.0,2025-09-08,487.38928571428573,22.121106060306726,Small,Known Broker,Known Broker,False,True,False,True
26758,27259,2030000000000000.0,UNHPL,33,34,921.0,455.4,0.0,2025-09-08,456.54486181837126,147.1665836164163,Large,Known Broker,Known Broker,False,True,True,False
26820,27321,2030000000000000.0,LEC,68,44,675.0,210.0,0.0,2025-09-08,211.5893387230881,233.8268590217887,Large,Known Broker,Known Broker,False,True,True,False
26844,27345,2030000000000000.0,NBF3,34,4,100.0,9.09,909.0,2025-09-08,9.10811320754717,380.31203771814876,Large,Known Broker,Known Broker,False,True,False,True
2236,2737,2030000000000000.0,SHEL,59,49,900.0,301.6,0.0,2025-09-08,303.3728467373475,161.1675215420215,Large,Known Broker,Known Broker,False,True,True,False
26902,27403,2030000000000000.0,NIMB,22,94,720.0,206.0,0.0,2025-09-08,205.93632220009192,275.4233892270789,Large,Known Broker,Known Broker,True,False,True,False
26928,27429,2030000000000000.0,MLBL,57,71,800.0,384.2,0.0,2025-09-08,385.37245872321404,0.09999997974596685,Large,Known Broker,Known Broker,False,True,True,False
26929,27430,2030000000000000.0,MLBL,49,71,700.0,384.2,0.0,2025-09-08,385.37245872321404,221.8179734226396,Large,Known Broker,Known Broker,False,True,True,False
26935,27436,2030000000000000.0,GCIL,41,33,871.0,476.5,0.0,2025-09-08,476.72208292092824,259.412316592706,Large,Known Broker,Known Broker,False,True,True,False
26946,27447,2030000000000000.0,LBBL,57,58,690.0,523.3,0.0,2025-09-08,524.6788026970823,268.9339386045073,Large,Known Broker,Known Broker,False,True,True,False
26966,27467,2030000000000000.0,HRL,51,55,1.0,977.0,977.0,2025-09-08,979.7508980090372,382.62385358643354,Small,Known Broker,Known Broker,False,True,False,True
26992,27493,2030000000000000.0,SAGF,13,59,100.0,9.28,928.0,2025-09-08,9.375238095238096,513.5656265756073,Large,Known Broker,Known Broker,False,True,False,True
27014,27515,2030000000000000.0,GVL,43,43,779.0,526.0,0.0,2025-09-08,528.5344516129032,68.12733176436082,Large,Known Broker,Known Broker,False,True,True,False
27070,27571,2030000000000000.0,RMF2,42,42,100.0,9.0,900.0,2025-09-08,9.003275769023205,343.89926335094964,Large,Known Broker,Known Broker,False,True,False,True
27129,27630,2030000000000000.0,AHPC,43,51,819.0,281.0,0.0,2025-09-08,282.77807694917556,99.70839148902385,Large,Known Broker,Known Broker,False,True,True,False
27184,27685,2030000000000000.0,PCBL,25,34,790.0,246.2,0.0,2025-09-08,248.82813687101864,0.0,Large,Known Broker,Known Broker,False,True,True,False
27187,27688,2030000000000000.0,NMBHF2,62,38,50.0,9.1,455.0,2025-09-08,8.995427728613569,200.63729297746738,Small,Known Broker,Known Broker,True,False,False,True
27229,27730,2030000000000000.0,PFL,33,42,910.0,390.1,0.0,2025-09-08,390.75268074735993,321.08831080145427,Large,Known Broker,Known Broker,False,True,True,False
27230,27731,2030000000000000.0,LBBL,17,58,920.0,523.3,0.0,2025-09-08,524.6788026970823,156.44990678593948,Large,Known Broker,Known Broker,False,True,True,False
